2492 4259
513 237 523 262 ’
548 278 633 356 273

65 465 235 556 interpres
256 451 333 554 'ejus
364 469 461 538 alius:
490 495 551 542 nec
583 445 646 544 erit
675 477 735 544 alia
771 478 825 545 lex
849 479 988 554 Romae
993 537 1005 569 ‚
1038 489 1098 562 elia

65 607 230 690 Athenis,
254 608 312 675 alia
334 631 440 692 nunc,
461 611 519 680 alia
540 613 694 702 posthum
715 617 771 684 sed
792 629 826 682 et
846 641 1094 716 omnestgeutes

64 759 101 812 et
131 746 224 826 omni
256 759 406 836 tempore
437 771 502 818 uua
528 753 583 820 lex
605 741 639 821 ⁸et
659 759 855 846 sempiterne
882 775 915 828 et
935 762 1093 836 immuta·

66 886 141 954 bilis
175 888 367 956 continebitz
398 912 483 956 uuus
518 892 656 981 quisque
689 897 753 966 erit
772 909 967 974 eommunis
998 915 1092 998 quasi

65 1029 224 1118 magister
248 1045 281 1098 ot
303 1032 481 1120 imperator
507 1033 657 1099 omnium
683 1031 781 1118 deum
810 1039 865 1107 ilie
891 1047 969 1138 legis
990 1049 1089 1138 huju,

64 1169 239 1249 inventor,
264 1170 476 1260 disceptator,
494 1173 595 1254 lator3
616 1172 679 1238 cui
690 1173 747 1260 qui
766 1197 834 1246 non
854 1186 1027 1272 parebit,
1015 1214 1088 1282 ipse

64 1333 101 1374 se
137 1307 255 1398 fugiet,
291 1333 328 1376 ao
354 1323 503 1378 naturam
536 1311 680 1380 hominis
709 1332 899 1404 aspernatus
927 1325 1026 1393 hoo
1014 1353 1091 1422 ipso

13 1515 15 1540 ,
63 1450 134 1514 luet
155 1449 313 1514 maximas
346 1473 484 1540 poenas,
517 1452 642 1542 etiamsi
667 1465 773 1518 cetera
801 1463 978 1549 supplicia,
1003 1490 1088 1558 quae

63 1599 233 1678 putantur,
250 1589 374 1678 effuget
375 1608 407 1664 et
422 1597 468 1681 ²).
508 1593 599 1660 Ante
614 1591 724 1658 omnia
738 1593 827 1662 enim
845 1597 908 1666 hoc
927 1613 1084 1695 tanquam

50 1721 256 1797 'conoessum
279 1744 375 1818 atque
396 1731 502 1800 fixum
521 1693 614 1820 ¹poni
643 1735 801 1821 postulat,
824 1757 958 1808 omnem
984 1757 1083 1832 uatu-

63 1895 136 1938 ram
157 1873 193 1940 vi
219 1896 257 1939 ac
279 1881 425 1942 munero
448 1875 583 1942 deorum
603 1874 700 1963 regit
725 1875 777 1942 cui
799 1874 929 1962 quidem
951 1894 1084 1952 senten-

63 2013 144 2096 tiae,
171 2028 327 2102 tanquam
353 2011 584 2099 fundamento,
615 2018 837 2107 superstruxit
861 2010 946 2099 hanc
968 1998 1009 2087 de
1031 2024 1083 2093 le‘-

62 2153 155 2244 gibus
188 2153 452 2240 disquisitionem.
475 2153 598 2220 ¹Porro
627 2155 795 2224 hominem
816 2155 893 2226 dicit
916 2163 1081 2247 praeclara

61 2281 201 2381 quadam
236 2293 420 2360 conditione
454 2305 647 2381 generatum
679 2317 750 2360 esse
782 2316 802 2359 a
836 2302 967 2367 autumo
1002 2302 1081 2370 deo:

61 2436 147 2502 solus
168 2445 218 2502 eat
249 2435 337 2500 enim
363 2455 406 2498 ex
426 2432 577 2498 omnibus
603 2433 819 2502 animantibus
840 2443 1004 2531 portioeps
1023 2466 1081 2510 ra·

60 2572 173 2640 tionis:
213 2594 276 2658 qua
312 2574 349 2639 iu
383 2573 475 2665 omui
519 2595 633 2640 rerum
667 2556 783 2640 notura
818 2575 900 2642 nihil
935 2547 1077 2647 divinius

60 2705 237 2796 reperitur:
273 2706 361 2770 solus
395 2705 496 2782 homo
526 2705 626 2774 habet
660 2706 809 2773 notitiam
841 2707 982 2793 aliquam
1023 2710 1075 2781 dei

60 2853 95 2908 et
129 2839 346 2929 plurimarum
377 2851 499 2908 rerum·
531 2837 685 2905 obsctuas
722 2851 756 2906 et
794 2803 988 2904 necessarias
1019 2841 1077 2906 in-

59 2971 264 3062 telligentias,
318 2955 409 3058 quasi
458 2969 670 3039 fundamenta
709 2968 868 3059 quaedam
913 2954 1099 3038 scientiae'
1187 2958 1195 2972 ’

59 3105 150 3172 Tum
178 3101 283 3194 figura
306 3105 453 3194 corporis
484 3102 597 3171 habilis
619 3109 653 3163 et
676 3109 751 3186 apta
777 3099 909 3187 ingenio
928 3100 1074 3168 humano
1111 3153 1117 3160 .

57 3246 116 3301 est.
155 3233 265 3300 Immo
290 3217 416 3304 homini
447 3257 523 3302 cum
549 3234 610 3300 deo
631 3242 681 3298 est
699 3228 891 3313 similitudo,
914 3244 948 3298 ot
970 3256 1074 3320 quum

74 3423 106 3495 2)
123 3423 197 3478 Laot·
214 3427 280 3485 iutt.
295 3429 346 3482 vt.
362 3431 390 3492 8.
413 3427 457 3498 ci.
476 3428 534 3484 Cio·
551 3425 640 3494 Legg·
652 3424 676 3478 1·
691 3426 719 3484 6·
745 3424 782 3480 ΙΙ.
798 3429 826 3486 i·
844 3422 1075 3498 addoiiugon.
1146 3464 1148 3467 -

126 3513 206 3572 tarot.
224 3515 259 3570 te
275 3517 302 3572 J.
318 3517 351 3572 B.
368 3530 396 3574 u
412 3519 445 3574 Ρ.
461 3523 484 3576 ι.
500 3529 526 3582 1.
544 3523 596 3576 10..
613 3531 641 3582 p·
657 3511 740 3574 mit
758 3525 786 3567 et
802 3518 833 3566 in
857 3523 916 3568 not
934 3529 962 3582 p.
975 3523 1020 3574 ιι.
1036 3539 1074 3558 ··

125 3606 246 3660 Naturae
260 3607 308 3660 lex
322 3607 452 3664 Cioeroui
466 3623 510 3666 est
522 3607 597 3663 idem
613 3603 691 3673 quod
705 3605 750 3672 jus
762 3607 898 3673 gentium,
910 3603 986 3671 quod
997 3603 1072 3658 idem

124 3695 159 3749 ab
175 3697 299 3752 Ιιοιιιίιιίι
314 3711 413 3754 uatum
429 3717 467 3754 ex
481 3703 579 3754 intima
595 3693 778 3763 philosophia
794 3693 978 3748 hauriendum
991 3705 1073 3764 putat

99 3801 102 3808 ’
124 3781 182 3853 (Ci.
205 3781 288 3842 offic.
304 3789 353 3841 ΙΙΙ.
370 3803 394 3842 ο.
411 3789 465 3852 5.),
489 3798 518 3841 et
540 3804 557 3839 a
581 3785 676 3849 civili.
699 3789 720 3837 t·
736 3801 761 3837 e.
778 3783 891 3853 pubhoe
909 3787 1072 3841 constituto.

123 3875 280 3946 distinguit.
314 3875 388 3929 Vide
401 3873 593 3932 donsissimam
604 3873 931 3947 observationemqsseieri
944 3873 979 3927 ad
988 3869 1072 3926 offic.

123 3964 172 4017 111.
188 3979 213 4014 o·
227 3969 270 4023 17.
288 3980 315 4031 p.
330 3967 384 4026 308
399 3979 440 4033 aq·
457 3976 486 4017 et
503 3965 537 4018 ad
557 3983 581 4018 c.
597 3971 625 4026 5.
641 3965 662 4033 §a
678 3969 722 4024 2³·
740 3971 839 4034 p0319.
868 3963 947 4016 Adde
965 3962 1072 4016 Rinkes

121 4069 223 4109 comm·
241 4043 315 4110 laud.
339 4071 367 4125 p.
384 4059 428 4119 54.
446 4061 490 4120 55.
508 4067 536 4111 et
560 4072 633 4131 quos
651 4054 746 4110 iaudat
769 4072 798 4124 p·
814 4041 867 4115 56·x
885 4055 916 4105 iu
943 4045 1036 4104 21'111010

843 4153 959 4223 18.
