2492 4259
475 142 504 208 ¹.
556 130 642 208 215
749 232 751 240 s

80 323 202 414 genie,
228 324 294 393 hoe
318 326 433 393 melius
453 350 492 393 ac
509 324 647 395 fortasse
673 332 870 418 quae'erant
890 351 969 397 vera
990 334 1107 395 cerne-⁴
1155 396 1158 410 ,

80 467 159 551 bat,
192 491 269 536 oum
287 448 350 539 hic
370 472 531 562 sententia
550 474 725 561 conspirat.
752 428 880 561 [Itaque
898 477 1004 541 unum
1027 473 1106 542 iilud
1150 498 1153 501 ·

80 622 159 679 erat
177 612 313 680 insitum
330 589 456 701 priscis,
475 637 545 680 esse
567 616 604 681 in
623 594 731 683 morte
751 601 898 698 sensum,
918 636 1024 704 neque
1044 617 1107 681 eir-
1221 644 1222 651 ¹

80 777 182 821 cessu
202 756 289 832 vitae
300 756 348 823 sic
367 756 466 825 deleri
483 757 662 843 hominem,
678 771 716 825 ut
735 742 882 826 funditus
898 758 1048 827 interiret
1063 756 1121 841 ⁵).*

82 896 189 983 Quod
218 888 339 985 probat
365 898 478 985 religio
507 875 585 987 erga
615 904 779 990 sepulcra,
814 884 975 989 memoria
1009 912 1106 987 atque

81 1062 183 1149 cusq,
218 1062 282 1140 qua
309 1040 454 1108 defuncti
481 1020 685 1126 colebantur,
726 1059 829 1144 atque
856 1044 923 1119 viri
957 1044 1034 1111 clari
1065 1040 1105 1105 ab
1201 1075 1205 1089 ·

83 1183 275 1249 hominibus
304 1184 416 1251 divino
443 1185 571 1256 honore
593 1186 704 1253 donati
726 1190 769 1273 6),.
811 1188 923 1274 Atque
948 1186 998 1252 uti
1024 1184 1106 1249 haee
1221 1223 1222 1231 κ

81 1326 247 1393 sententia
282 1328 455 1408 nationum
492 1322 643 1395 omnium
682 1352 847 1396 consensu.
882 1326 1106 1409 confirmatur,

80 1470 130 1536 ita
156 1468 271 1533 eadem
291 1468 354 1537 fuit
382 1470 593 1557 antiquorum
607 1472 893 1560 philosophorum
925 1488 1105 1554 eorumque
1201 1530 1203 1537 s

79 1612 306 1677 maximorum
352 1614 512 1700 longeque
560 1612 813 1681 clarissimorum
838 1616 884 1701 ⁷).
950 1612 1105 1679 Inhaeret

79 1754 174 1820 enim
187 1754 224 1819 in
244 1754 408 1821 mentibus
426 1755 517 1841 quasi
532 1757 734 1825 saeculorum
750 1756 911 1844 quoddam
931 1752 1105 1841 augurium

78 1897 289 1970 futurorumr
322 1897 419 1983 idque
455 1898 491 1963 in
524 1897 676 1976 menimis
709 1900 846 1988 ingeniis
880 1894 1104 1979 altissimisque

78 2038 201 2105 animis
219 2050 252 2105 et
271 2038 380 2103 existit
397 2040 541 2105 maxime
564 2052 598 2107 et
617 2055 761 2129 apparet·
776 2041 934 2108 facillime.
955 2073 999 2089 -
1039 2033 1106 2100 Di·
1200 2050 1222 2065 ”

79 2180 182 2245 vinae
195 2203 302 2267 *porro
323 2203 376 2245 res
383 2230 393 2261 ,
422 2204 504 2267 quae
525 2184 635 2247 animo
654 2186 783 2267 insunt,
803 2206 885 2271 quae
905 2204 966 2247 nec
988 2203 1007 2247 a
1028 2181 1105 2243 coi·-

79 2344 168 2411 pore
194 2322 287 2402 oriri,
320 2317 445 2388 nec'in
475 2336 563 2389 terra
583 2336 675 2404 natae
696 2296 766 2393 esse
785 2338 940 2415 possunt,
975 2320 1104 2389 animo-

78 2488 163 2531 rum
188 2445 465 2536 immortalitatem
484 2467 560 2532 satis
588 2463 752 2555 superque
771 2464 914 2553 probant
934 2463 978 2549 ⁸).
1027 2462 1100 2529 “Sic

80 2610 173 2675 enim
195 2607 329 2690 habeto,
355 2630 425 2710 non
443 2619 565 2673 esse-te
585 2609 773 2690 mortalem,
802 2606 858 2672 sed
880 2628 999 2695 corpus
1015 2604 1103 2704 ·h⁰⁰².

82 2775 150 2816 nec
171 2725 261 2826 enim
286 2762 322 2815 tu
340 2773 394 2833 es,
422 2772 520 2837 quem
541 2748 649 2815 forma
667 2750 901 2837 istqdeclarat,
932 2749 989 2815 sed
1009 2770 1120 2814 mens-

83 2894 242 2981 cujusque
260 2870 288 2959 is
312 2906 361 2959 est
383 2870 535 2982 quisque3
571 2916 641 2959 non
670 2916 706 2959 ea
733 2893 855 2982 figura,
894 2916 975 2979 quae
1003 2890 1104 2979 digito

82 3037 302 3104 demonstrari
309 3047 432 3124 potest.
472 3037 584 3100 Deum
593 3048 628 3108 te
637 3034 736 3124 igitur
750 3038 831 3102 scito
847 3057 916 3099 esse
927 3034 978 3117 9);
989 3034 1016 3100 si
1030 3006 1105 3121 qui-

84 3182 163 3247 dem
182 3181 262 3246 deus
273 3192 332 3261 est,
343 3180 397 3265 qui
407 3180 505 3265 viget,
526 3168 582 3265 qui
597 3180 709 3261 sentit,
722 3180 778 3267 qui
790 3178 948 3297 meminit,
959 3179 1014 3265 qui
1024 3198 1104 3266 pro·-

101 3483 137 3555 5)
154 3487 239 3540 Tuae.
265 3482 320 3554 Qu.
337 3488 359 3541 1.
384 3494 427 3545 12.

103 3567 137 3652 ο)
157 3585 242 3637 ruso.
266 3582 322 3653 Qu.
339 3587 361 3638 1.
386 3590 430 3644 14.
458 3581 503 3637 cr.
520 3580 633 3636 amna.
658 3596 682 3632 ο.
697 3562 748 3633 iv.

103 3685 137 3750 7)
157 3685 241 3735 ruse.
264 3680 320 3751 Qu.
339 3688 382 3743 15.
400 3708 436 3722 -
461 3681 569 3733 seneca.
587 3697 611 3733 c.
625 3687 670 3739 21·
684 3676 809 3735 -Annus
832 3692 855 3731 c.
871 3657 957 3749 ruf

105 3782 139 3850 8)
157 3784 242 3858 Taso.
270 3780 326 3849 Qu
340 3783 362 3835 1·
388 3786 503 3840 24-27·
981 3762 1000 3799 ‚'

106 3881 139 3948 9)
157 3879 202 3933 Cf·
226 3881 310 3933 Tusc·
338 3876 393 3949 Qu·
407 3859 438 3933 Ι·Ι
453 3884 497 3939 23·
514 3881 558 3940 2'5.
