2492 4259
528 240 612 314 223

61 431 196 496 decretis
219 442 434 519 temperatam
453 455 491 496 ac
512 436 693 525 mitigatam
707 447 865 522 sequutus
879 447 935 502 est.
976 439 1086 506 Nam-

60 595 124 660 que
145 575 182 640 in
203 569 320 642 morali
340 576 488 648 doctrina
509 577 595 643 nulla
616 576 711 644 lirma
732 590 765 643 et
790 579 964 664 conjuncta
987 594 1088 649 natu·

59 740 115 782 rae
136 731 314 807 praecepta
340 717 425 785 tradi
444 741 559 808 posse,
583 721 693 824 statpit
714 721 846 803 Cicero,
871 724 933 789 nisi
953 737 1011 790 aut
1045 725 1086 790 ab

59 859 106 940 iis,
125 860 183 947 qui
202 862 314 944 solam,
326 874 379 927 aut
389 861 489 945 abiis,
501 862 558 950 qui
572 863 717 928 maxime
730 863 933 930 honestatem
946 879 1087 954 propter

60 1023 94 1064 se
109 1001 257 1068 dicerent
267 1005 499 1092 expetendam,
512 1007 532 1072 i.
545 1027 573 1070 e.
592 970 649 1070 aut¹
662 1028 679 1070 a
694 1007 808 1072 Stoicis
824 1020 880 1073 aut
892 1007 932 1072 ab
954 1007 1089 1074 Acade·

61 1143 152 1210 micis
164 1157 198 1212 et
207 1145 445 1236 Peripateticis:
466 1168 545 1236 quas
556 1157 623 1212 tres
643 1147 825 1237 disciplinas
842 1151 878 1214 in
894 1148 1012 1218 morali
1027 1150 1090 1217 do-

62 1287 165 1351 ctriua
176 1309 215 1352 re
227 1290 420 1372 consentire,
436 1289 623 1357 nominibus
636 1290 820 1379 discrepare
832 1291 1000 1375 judicavit.
1021 1294 1097 1379 Ces

60 1439 208 1496 terarum
224 1435 374 1501 omnium
393 1409 639 1541 disciplinarum
655 1434 697 1501 de
709 1433 856 1504 doctriua
868 1437 994 1511 morali
1010 1461 1090 1502 sen-

60 1571 180 1638 tentias
208 1575 334 1663 sprevit
361 1546 457 1663 plane
483 1588 579 1664 atque
608 1574 793 1663 repudiavit
811 1577 844 1659 ⁶)
888 1578 1089 1665 Epicuream

60 1715 96 1782 iu
131 1717 249 1818 primis
287 1717 545 1807 philosophiam,
575 1718 846 1804 quotiescunque
862 1720 988 1804 potuit,
1018 1733 1090 1785 tra-

61 1856 159 1924 duxit
198 1859 314 1926 Cioero
347 1871 443 1947 atque
483 1873 707 1949 persequutus
738 1870 803 1939 est,
837 1881 907 1923 non
941 1861 1091 1949 partium

61 2000 205 2088 quodam
236 2003 343 2068 studio
366 1969 569 2097 compulsus,
601 2001 658 2066 sed
688 2001 773 2088 quod
805 2025 876 2066 eam
909 2026 986 2069 cum
1008 1993 1116 2070 vera
1164 2100 1168 2106 ἐ

61 2143 234 2210 honestate
276 2158 309 2210 et
338 2146 462 2211 virtute
501 2147 601 2235 nullo
627 2156 724 2232 pacto
770 2146 948 2211 consociari
991 2168 1099 2234 posse*

60 2284 222 2354 intellexit
234 2287 284 2370 7),
302 2301 350 2372 et,
371 2311 414 2354 ne
427 2290 654 2356 Romanorum
674 2298 783 2351 mores
801 2286 862 2351 hac
881 2287 1090 2380 philosophia

60 2445 372 2519 corrumperentur,
406 2431 533 2501 veritus
576 2441 635 2494 est.
657 2463 699 2478 -
735 2430 828 2494 Inter
859 2428 999 2512 Stoicos,
1034 2428 1112 2518 qui‘

62 2571 238 2635 mortalem
267 2572 357 2657 quasi
391 2571 554 2660 quendam
587 2572 685 2636 deum
707 2554 882 2635 efformare
910 2573 1090 2642 voluerunt

63 2714 263 2802 sapientem,
294 2715 396 2802 qualis
418 2715 454 2780 in
475 2737 512 2780 re
551 2725 583 2780 et
612 2724 728 2778 natura
756 2736 826 2777 esse
856 2684 955 2779 nemo
976 2715 1091 2802 possit,

63 2868 97 2921 et
128 2856 217 2922 inter
251 2857 450 2944 Epicureos,
482 2856 538 2944 qui
577 2856 729 2932 Ciceroni
763 2877 898 2922 omnem
930 2858 1089 2923 virtutem

63 2999 180 3064 tollere
200 2969 413 3082 videbantur,
440 2999 531 3088 quasi
553 3002 589 3066 in
608 2998 716 3064 medio
741 3001 881 3064 ‘collocat
910 2999 1090 3075 Academi-

64 3163 123 3206 cos
154 3151 187 3206 et
215 3142 443 3230 Peripateticos
463 3142 513 3226 ⁸):
548 3165 690 3230 quorum
712 3141 845 3230 quidem
875 3138 959 3206 ratio
990 3141 1022 3206 ei
1054 3141 1091 3209 in
1161 3171 1167 3180 ·

62 3335 514 3368 W--ss-
537 3360 546 3387 l

82 3487 118 3556 6)
135 3488 197 3542 rin.
210 3484 246 3540 11.
272 3491 322 3551 12.
341 3488 386 3546 38.
420 3485 459 3538 V·
475 3487 502 3546 7.
519 3487 547 3545 8·
564 3489 609 3544 20.
637 3481 723 3534 Tusc·
750 3476 806 3550 Qu.
821 3483 857 3536 V·
875 3485 912 3541 30
927 3497 969 3579 sq·
992 3477 1050 3537 0ss
1069 3485 1092 3537 Ι.

139 3594 172 3652 2,
189 3590 216 3646 6·
243 3583 292 3638 ubi
318 3583 355 3638 cf.
371 3582 461 3638 Beier.
486 3599 515 3652 p.
528 3589 572 3643 13.
597 3583 647 3635 111.
665 3586 698 3645 4,
715 3587 760 3640 20.

83 3729 118 3800 7)
136 3731 327 3784 Teuuamauu.
346 3731 440 3794 Geeeh.
456 3729 503 3783 der
517 3728 591 3784 Phil.
609 3729 644 3783 T.
657 3729 695 3783 V.
710 3744 738 3795 p.
753 3733 815 3788 126·
833 3725 877 3781 Cf.
892 3723 975 3782 offic.
988 3729 1011 3780 Ι.
1029 3742 1053 3780 c.
1064 3733 1092 3786 2.

85 3883 119 3952 8)
136 3883 174 3936 V.
198 3883 303 3938 Lilium
326 3884 481 3938 Commeut.
506 3888 591 3952 prim·
616 3882 651 3935 de
676 3880 837 3935 Stoicorum
862 3882 933 3950 phil.
959 3897 1031 3936 mor.
1057 3858 1097 3932 ad

90 4029 93 4043 ,
141 3979 284 4038 Ciceronis
301 3981 389 4038 libros
408 3983 442 4038 de
460 3979 581 4047 Officiis·
604 3980 734 4038 Altonae.
753 3984 833 4044 1800.
858 3987 942 4048 p·27·
957 3991 985 4033 at
1004 3985 1096 4068 μᾶ.-
