2492 4259
647 152 720 230 96w
813 262 815 267 Ι

164 357 264 424 libros
285 354 406 442 ubique
424 353 493 419 sere
514 351 639 433 fontes,
660 375 741 438 quos
764 352 879 418 Cicero
903 354 1022 422 ,adiisse
1043 358 1191 441 videtur,

164 497 293 589 aperire
323 496 431 562 enisus
464 507 522 559 est.

227 776 391 845 XXXI.
432 776 559 845 LIBRI
585 774 650 853 DE
676 772 882 841 NATURA
902 772 1118 845 DEORUM.

193 974 197 982 ,
226 921 269 987 In
293 918 406 1008 primo
433 918 520 984 libro
537 916 585 1013 'de
604 920 732 984 Natura
753 912 920 995 Deorum,
949 915 986 980 in
1014 937 1080 1001 quo
1101 914 1190 1001 Epi-

163 1064 233 1130 curi
254 1066 338 1129 ratio
363 1063 405 1127 de
424 1060 488 1126 boc
514 1070 707 1146 argumento
739 1042 933 1147 exponitur,
961 1055 1188 1145 compluribus

160 1203 297 1292 Epicuri
327 1201 418 1268 libris
447 1221 526 1265 usus
552 1220 622 1264 esse
650 1201 782 1268 videtur
800 1203 843 1287 ⁸).
884 1200 1047 1287 Epicurus
1080 1196 1184 1263 libros

160 1346 246 1433 περ)
262 1336 389 1433 φύσεως
417 1339 565 1426 scripsit,
600 1362 681 1425 quos
707 1342 794 1407 haud
819 1340 919 1423 ‚dubie
947 1340 1093 1427 inspexit
1124 1340 1187 1405 Ci-

162 1505 237 1547 oero
256 1484 431 1571 ⁹),porro
443 1515 446 1521 ·
460 1484 536 1573 περὶ
560 1477 733 1572 ὁσιότητος
754 1480 777 1571 ἢ
798 1439 1010 1572 ‘mactaret
1028 1481 1075 1569 ¹),
1096 1504 1185 1569 quo-

158 1644 237 1686 rum
267 1622 418 1690 meminit
451 1624 585 1708 Cicero,
623 1647 726 1712 quum
758 1620 811 1689 de?
827 1624 971 1711 Epicuro
1003 1622 1097 1687 dicit:
1132 1621 1185 1687 At

113 1760 135 1837 J
158 1761 256 1829 ctiam
278 1763 325 1827 de
353 1765 538 1847 sanctitate,
570 1765 611 1831 de
637 1766 758 1852 pictate
788 1764 943 1845 adversus
972 1762 1049 1827 deos
1077 1760 1182 1827 libros

157 1904 367 1989 scripsit-
407 1908 449 1972 In
478 1908 626 1975 doctriua
661 1902 703 1970 'de
733 1907 962 2001 anticipatione
991 1899 1131 1990 Epicuri
1148 1900 1182 1988 ²)

158 2064 241 2128 quaa
257 2078 259 2090 ·
273 2036 441 2137 upbi'mptc
477 2049 612 2131 dicitur,
656 2049 801 2115 adhibuit
838 2050 973 2135 Epicuri
1010 2050 1180 2132 volumen,
1229 2046 1230 2110 i

156 2181 353 2270 inscriptum
376 2189 453 2275 περὶ
477 2190 648 2280 κριτηρίου
674 2187 696 2277 ἢ
718 2184 829 2259 κανών
845 2188 888 2274 ³).
913 2186 1045 2278 Saepius
1072 2193 1178 2279 ipsius
1228 2230 1229 2261 t

136 2298 294 2409 'Epicuri
314 2326 419 2392 verba
433 2330 560 2393 ·1·ecitat
576 2327 620 2415 4).
662 2332 734 2396 Nec
762 2330 852 2395 locus
885 2332 921 2396 in
949 2332 1054 2419 capite
1072 2326 1178 2400 XXI.

162 2614 206 2681 8)
224 2612 268 2671 Cf.
291 2617 326 2671 N.
343 2617 379 2672 Π.
399 2620 421 2671 Ι.
439 2623 482 2678 18.
507 2617 614 2690 ibique
631 2620 753 2686 interpp.
777 2617 863 2687 Diog.
885 2616 976 2671 Laert.
994 2618 1111 2687 Epicuri
1129 2634 1179 2689 ep.

225 2715 261 2766 ad
279 2715 414 2770 Herodot.
429 2719 466 2770 X.
485 2722 530 2776 46·
548 2724 592 2777 50·
1065 2742 1067 2749 ·

171 2830 204 2900 9)
222 2833 359 2906 Ἧάοιάο
383 2833 468 2901 hujus
496 2840 595 2904 scripti
617 2835 798 2905 fragmentis,
824 2850 914 2903 nuper
939 2840 1073 2904 repertis,
1099 2855 1174 2907 quae
1225 2902 1226 2919 ἶ

159 2922 162 2931 ’
225 2936 322 3001 paucis
345 2938 511 3004 perstrinxit
527 2936 689 2988 Kreuzcrus
707 2935 742 2988 ad
758 2936 793 2989 N.
809 2935 845 2988 Π.
865 2934 886 2989 Ι.
907 2938 951 2995 18·
968 2952 996 3003 p·
1012 2938 1056 2995 85.
1225 2928 1226 2939 ¹

170 3050 202 3118 1)
220 3053 257 3102 V
280 3052 366 3123 Πίος
388 3053 479 3108 Laert.
495 3054 532 3109 X.
550 3060 594 3112 77.
619 3051 715 3122 ibique
733 3056 891 3123 Meuagius.

126 3200 128 3205 ·
169 3169 203 3237 2)
218 3171 254 3225 N.
268 3170 304 3225 D
322 3174 350 3237 I,
373 3179 418 3233 16.
446 3172 480 3226 de
499 3175 704 3268 anticipatione
716 3174 845 3242 Epicuri,
873 3173 951 3240 cujus
970 3175 1086 3225 rationis
1116 3176 1173 3227 vim
1224 3152 1225 3220 i

222 3280 306 3338 atquc
315 3272 482 3324 utilitatem
505 3290 541 3324 ex
559 3236 617 3325 illb
640 3273 756 3325 coelesti
778 3256 895 3341 Epicuri
915 3270 949 3326 de
966 3274 1064 3341 regula
1082 3284 1111 3325 ct
1127 3276 1172 3341 ju·
1222 3262 1224 3289 ¹

222 3367 297 3421 dicio
328 3372 472 3425 volumina
506 3376 674 3441 accepimus.
712 3370 761 3424 vbi
788 3388 815 3423 v
845 3372 940 3425 Daris.
973 3383 1001 3425 et
1033 3372 1172 3428 Kreuzer.
1223 3396 1224 3442 p

186 3477 191 3499 ³
221 3484 250 3535 Ρ·
266 3475 302 3528 74
318 3485 378 3538 sqq·
496 3538 498 3542 .

168 3566 200 3635 3)
217 3568 302 3637 Πίος.
328 3568 418 3623 Laert.
431 3571 477 3636 X,
496 3577 554 3629 27:
580 3570 614 3623 de
641 3573 740 3625 eodem
759 3582 925 3642 argumento
949 3576 1007 3640 egit
1030 3570 1171 3641 Epicurus

222 3670 306 3719 etiam
322 3670 353 3719 iu
372 3684 416 3734 ep.
432 3667 466 3719 ad
484 3668 619 3721 Herodot.
641 3687 685 3737 ap.
703 3672 789 3741 Πίος.
807 3672 896 3725 Laert.
913 3670 956 3736 X,
975 3676 1020 3733 33»
1061 3714 1064 3721 .
1111 3736 1113 3739 ¹

167 3782 199 3848 tt)
218 3784 315 3835 Veluti
335 3802 358 3838 ο.
373 3791 416 3845 17.
433 3788 469 3836 V.
486 3786 571 3857 Πίος.
588 3788 677 3841 Laert.
694 3790 737 3855 X,
753 3792 815 3851 139.
832 3800 859 3843 et
873 3806 943 3859 quae
964 3789 1018 3843 alia
1037 3789 1168 3845 Davisius

220 3880 253 3932 ad
279 3881 423 3936 Ciceronis
450 3886 545 3937 locum
566 3888 668 3941 attulit.
