2492 4259
604 162 684 239 '92

142 372 361 464 cognitionem
391 364 501 430 divina
533 363 585 429 illa
616 358 746 449 ingenia
776 360 1008 442 transferrem
1042 360 1100 426 sed
1131 363 1167 429 id

141 537 249 602 neque
267 509 332 576 feci
352 504 473 584 adhuc,
493 526 555 569 nec
575 502 656 568 mihi
677 512 808 581 tamen,
834 524 878 565 ne
897 502 1028 586 faciam,
1047 503 1169 571 inter-

143 656 267 720 dictum
296 657 387 735 puto.
434 644 543 709 locos
573 644 706 729 quidem
733 642 910 731 quosdam,
941 644 969 710 si
990 642 1169 727 videbitur,

142 794 355 871 transferam,
381 796 417 848 ¹et
445 782 588 847 maxime
613 782 729 867 abiis,
759 806 840 873 quos
859 784 958 851 modo
986 785 1169 867 nominavi,
1226 830 1227 833 κ

144 956 221 1003 cum
241 926 406 1007 inciderit,
432 936 471 989 ut
491 924 525 991 id
551 937 627 1013 apte
645 922 716 989 fieri
738 938 865 1013 posset3
893 941 930 993 ut
948 925 989 991 ab
1011 926 1167 993 Homero

142 1059 286 1151 Ennius,
315 1063 474 1133 Afranius
494 1039 720 1129 {Menandro
746 1065 828 1129 solet
849 1066 891 1147 ³).
943 1068 1101 1134 Ceterum
1128 1067 1166 1133 i„
1227 1086 1228 1111 ;

140 1181 305 1281 iinit'andis
340 1216 437 1290 atque
476 1196 700 1290 exprimendis
740 1222 935 1289 graecorum
979 1208 1166 1295 sapientum

142 1353 272 1443 scriptis
303 1362 371 1416 tam
399 1344 519 1431 insigni
544 1357 613 1409 arte
641 1357 790 1413 versatus
820 1359 889 1430 est,
921 1336 969 1415 ut*
985 1347 1165 1415 sententias
1228 1388 1229 1437 i

422 1447 432 1474 Ι

141 1497 272 1566 iliorum
293 1478 389 1576 atque'
415 1497 606 1572 argiunenta
626 1487 849 1578 philosophica
876 1510 945 1553 non
973 1488 1071 1553 anxie
1092 1487 1166 1553 col-

142 1636 265 1725 legisse,
283 1628 341 1695 sed
362 1649 405 1691 ex
425 1647 485 1689 suo
501 1626 602 1713 ipsius
617 1629 749 1717 ingenio
771 1631 990 1717 expromsisse
1002 1628 1165 1697 videatur.

176 1767 178 1774 '
204 1777 302 1841 Hanc
322 1788 419 1857 quam
441 1766 583 1835 diximus
603 1770 765 1835 rationem
786 1772 950 1857 ingressus
969 1781 1019 1834 est
1039 1766 1161 1835 Cicero
1229 1788 1230 1807 ¹

143 1920 180 1986 in
200 1915 290 1983 libris
308 1912 348 1976 de
368 1905 513 1986 Officiis,
534 1906 569 1970 in
590 1907 721 1993 quibus,
740 1921 970 1997 praeterquam
990 1909 1075 1997 quod
1094 1910 1163 1975 Pa·
1229 1888 1230 1913 i

143 2054 288 2120 naetium
309 2046 517 2137 potissimum
540 2059 694 2132 sequutus
723 2060 787 2132 est,
817 2052 913 2117 etiam
939 2064 1011 2117 tum
1031 2051 1070 2115 ab
1092 2052 1163 2130 aliis

102 2156 114 2198 '⁸
143 2192 275 2269 Stoicis,
293 2201 365 2252 tmn
386 2211 467 2254 vero
489 2213 507 2253 a
529 2190 664 2255 Platone
684 2200 781 2286 atque
799 2192 986 2271 Aristotele,
1007 2190 1163 2276 quiqui·
1230 2212 1231 2285 ξ

142 2320 220 2398 deni
247 2330 361 2427 similia
387 2340 669 2420 pertractaverant
700 2345 905 2417 argumenta,
933 2334 1019 2400 haud
1039 2357 1162 2422 paucas

143 2448 319 2558 sententias
340 2480 506 2537 mutuatus
530 2461 610 2550 est,
625 2471 702 2535 item
729 2472 765 2537 in
786 2462 875 2540 libris
907 2457 954 2541 de
970 2474 1163 2564 Republica,

143 2616 184 2682 de
205 2613 364 2703 Legibus,
391 2612 428 2677 in
447 2609 558 2699 primo
583 2622 616 2676 et
637 2612 751 2698 quinto
772 2613 855 2680 libro
878 2616 918 2681 de
937 2614 1073 2683 Finibus
1090 2616 1163 2682 Bo-

143 2764 322 2826 norum‘et
341 2754 525 2831 Malorum,
546 2750 614 2818 aliis
637 2756 682 2842 ⁴).

161 3008 195 3079 3)
211 3008 276 3061 Huc
295 3023 408 3077 quoque
426 3009 547 3075 pertinet
563 3004 638 3059 Plin.
655 3002 728 3061 Hist.
746 3013 802 3057 nat.
814 3002 839 3057 1.
855 2999 943 3071 praef·
964 2999 1060 3056 “Scito
1077 3005 1163 3064 enim,

216 3106 407 3160 conferentem
427 3117 565 3170 ,auctores
585 3121 636 3175 me,
654 3094 871 3173 deprehendisse
896 3103 1108 3169 ejuratissimis
1133 3117 1163 3158 et

215 3206 353 3274 proximu
372 3217 478 3260 veteres
497 3208 694 3273 transscriptos
717 3202 751 3257 ud
771 3201 901 3266 verbum,
919 3218 1010 3271 neque
1022 3195 1163 3277 ‘nomina-

215 3314 278 3358 tos:
302 3320 361 3356 non
377 3304 427 3356 iila
450 3305 598 3374 virgiliani
617 3308 735 3368 virtute,
753 3314 784 3355 ut
802 3312 953 3361 certarent:
977 3318 1035 3355 non
1054 3305 1162 3355 cicero-

215 3406 299 3488 niana
317 3403 508 3470 simplicitate,
529 3399 583 3471 ‘qui
605 3407 637 3456 in
661 3400 740 3455 libris
759 3401 793 3454 de
817 3403 887 3469 liep·
910 3400 1036 3454 Plutonis
1054 3417 1085 3453 aa
1113 3418 1163 3455 co-

216 3504 312 3576 mitem
324 3499 487 3568 profitetur,
503 3504 534 3555 in
547 3500 745 3555 Consolatione
759 3500 850 3567 filiae,
867 3498 1044 3571 Crantorem,
1060 3499 1163 3569 inquit,

212 3580 336 3670 sscquor:
362 3603 430 3651 item
447 3600 611 3654 Panaetium
638 3600 673 3654 de
691 3596 816 3655 Officiis:
842 3616 912 3668 quae
940 3600 1084 3653 volumina
1102 3601 1162 3667 ejus

187 3729 189 3732 -
207 3677 378 3762 ''ediscendm
396 3715 455 3753 non
472 3697 557 3751 modo
573 3702 605 3751 iu
621 3697 749 3751 titanibus
766 3698 891 3767 quotidie
909 3695 1050 3764 habenda,
1062 3699 1164 3752 nosti.”

164 3792 196 3863 4)
214 3797 246 3848 Iu
274 3776 479 3851 Consolationis
506 3796 580 3850 libro
608 3797 771 3851 crantorem
796 3797 925 3865 quidem,
956 3798 1164 3861 Academicum,
1229 3834 1230 3839 η

218 3897 398 3963 potissimum
415 3905 549 3965 sequutus
575 3909 626 3951 est·
662 3898 698 3951 V.
723 3897 794 3951 Piiu.
822 3898 893 3951 Hist.
922 3910 977 3951 unt.
1003 3898 1022 3950 l.
1047 3914 1088 3961 οι,
1115 3896 1163 3951 sed
