2492 4259
666 182 793 276 86χ
1001 169 1020 200 ’

168 381 380 445 ›ctaeronem
413 377 689 466 praestantissima
718 380 859 449 Platonis
896 392 1125 464 monumenta,
1164 384 1206 449 in

159 582 163 592 ,
185 520 303 616 quibus
322 518 432 585 divina
452 520 627 609 sapientiae
642 498 815 613 piaeqepta
833 516 945 593 divino
962 524 1103 611 quodam
1116 546 1231 589 ora-a

184 658 281 725 tioms
303 679 422 745 genera
450 656 564 726 tradita
577 672 679 743 sunt,
709 674 864 749 tanquam
892 663 1105 750 exemplaria,
1124 663 1208 729 imi-

184 796 281 865 tanda
302 797 494 906 nouaclum
515 802 576 869 sibi
593 806 819 892 proposuisse,
838 786 957 867 verum
978 802 1076 873 etiam
1095 822 1206 891 prope

120 1036 126 1048 ,
185 935 227 1028 ad
253 938 305 1006 illa
328 939 521 1022 accessisse,
556 940 693 1028 dilucide
717 940 847 1037 videtur
872 960 1038 1035 apparens.
1092 944 1135 1008 In
1163 966 1205 1007 eo

183 1101 269 1147 vero
290 1102 419 1147 summa
439 1081 636 1167 antiquitatis
656 1071 813 1169 perfectio
834 1092 930 1167 atque
952 1080 1109 1149 absolutio
1135 1072 1206 1149 cla-

180 1219 313 1288 tissime
339 1218 591 1306 exsplendescit,
629 1218 714 1306 quod
744 1231 813 1285 tam
843 1230 934 1323 arcto
969 1237 1204 1311 argumentum

190 1385 265 1427 cum
294 1360 451 1428 orationis
482 1358 592 1426 torma
626 1319 807 1441 iunxerunt
840 1324 988 1443 vinculo,
1021 1374 1062 1428 ut
1092 1374 1203 1429 totum

186 1500 349 1589 quoddam
369 1502 561 1588 pulchrum,
585 1498 736 1566 omnibus
758 1498 822 1565 suis
843 1499 987 1567 numen's
1008 1454 1203 1585 absolutum,

185 1640 262 1709 inde
283 1638 507 1709 efflorescere

186 1836 630 1861 ...nn—m

257 1974 385 2025 cranone
414 1972 471 2024 boo
500 1968 572 2024 mibi
596 1948 714 2023 'utetur
747 1964 947 2035 adjiciendum,
983 1964 1060 2034 quod
1093 1966 1205 2035 duplici

252 2070 338 2125 modo
363 2074 518 2125 arabonam
548 2080 628 2122 suam
651 2070 683 2120 in
707 2070 744 2121 iis
771 2067 898 2121 excoluit
927 2078 1011 2135 atque
1035 2074 1200 2133 exornavit;
1231 2012 1232 2102 i

254 2186 352 2225 severa
367 2174 455 2225 anim
467 2164 664 2239 philosophiae
681 2176 843 2235 argumenta
861 2176 889 2218 et
907 2163 1117 2233 disquisitiones
1137 2184 1202 2221 ser-

255 2268 334 2325 sibus
361 2284 398 2323 ex
419 2270 511 2335 poetis
538 2261 723 2318 admiscendis
748 2261 919 2326 exhilarare,
944 2274 972 2315 et
997 2264 1135 2332 exemplis
1163 2283 1201 2318 ex
1230 2322 1231 2339 χ

253 2369 373 2423 historia
397 2369 494 2435 petitia
525 2365 667 2419 mutuare
694 2360 810 2414 studuit.
829 2360 877 2403 -4
895 2362 929 2415 In
952 2378 1006 2431 qua
1030 2362 1144 2430 quidem
1171 2382 1202 2416 re

252 2466 417 2532 Philonem,
439 2470 491 2533 qni
516 2474 544 2518 et
567 2462 638 2517 lecta
656 2470 783 2531 poemata
805 2470 843 2513 ‘et
865 2459 930 2513 loco
947 2458 1129 2529 adjungebat,
1154 2480 1201 2515 se-

250 2576 372 2637 quutus,
394 2568 497 2619 mirum
521 2562 660 2616 delectum
685 2556 814 2615 adhibuit
840 2562 994 2627 miramque
1023 2560 1200 2629 elegantiam.

252 2667 291 2719 V.
308 2664 392 2719 Tuae.
416 2660 472 2731 Qu·
484 2664 526 2726 ll,
542 2669 587 2721 11.
612 2658 662 2712 ubi
678 2657 769 2712 addit:
795 2656 964 2725 “postquam
983 2656 1108 2711 adamari
1125 2659 1201 2714 hanc
1229 2658 1230 2701 ἶ

254 2766 336 2831 qnasi
351 2763 469 2816 senilem
492 2760 734 2821 declamationem,
761 2756 883 2809 studiose
900 2755 1028 2825 equidem
1048 2770 1113 2811 utor
1131 2778 1202 2827 poe.

191 2842 194 2847 ⁷
250 2863 287 2916 tls
321 2862 441 2922 simunt
470 2859 519 2912 aed
545 2857 637 2911 sicubi
663 2858 706 2909 illi
738 2854 915 2920 defecerunt,
946 2860 1017 2909 verti
1045 2860 1136 2913 multa
1164 2861 1199 2915 de

253 2961 377 3030 graecis,
404 2933 521 3027 nequo
548 2940 711 3010 ornamento
736 2960 765 3007 iu
793 2954 847 3007 hoe
872 2970 975 3022 genere
998 2952 1199 3023 disputationis

254 3069 359 3112 careret
376 3058 461 3111 latina
480 3058 594 3109 oratio-'³
630 3056 699 3107 Item
717 3059 748 3106 in
773 3052 909 3119 exemplis
934 3068 969 3105 ex
989 3052 1107 3111 historia
1126 3050 1205 3110 hau.'
1228 3062 1229 3095 i

251 3163 302 3212 atis
326 3155 470 3210 laudandis
496 3167 630 3225 maguum
655 3169 772 3206 acumen
797 3150 939 3237 probarim
972 3155 1083 3219 saepius
1109 3158 1199 3223 igitur

252 3261 340 3324 carpit
364 3254 565 3323 Chrysippum,
586 3270 670 3321 quem
689 3257 719 3305 iu
738 3257 816 3325 omui
835 3252 953 3304 historia
971 3255 1114 3330 curiosum
1134 3258 1197 3321 qui-

251 3356 313 3408 dam
332 3371 391 3407 esse
409 3354 491 3417 dicit,
509 3364 657 3421 propterea
676 3350 751 3420 quod
770 3366 852 3418 saepe
871 3355 901 3403 in
924 3333 1034 3417 sciiptis
1054 3356 1112 3402 suia
1132 3370 1197 3419 per-
1227 3346 1228 3405 i

250 3456 338 3515 utulta
365 3454 476 3520 quidem
501 3452 660 3553 eollqgerim
692 3450 738 3503 scd
765 3454 897 3523 itaqtetru
926 3449 1076 3517 quaedam,
1106 3466 1139 3505 ut
1166 3473 1196 3510 es
1227 3438 1228 3498 l

250 3553 341 3620 fugiat
367 3564 397 3603 et
419 3550 580 3605 reformidet
595 3554 693 3601 oratio.
718 3550 754 3599 V.
774 3548 858 3599 Tusc·
876 3544 973 3616 le,
996 3555 1040 3609 45.
1065 3550 1163 3603 Divin.
1179 3557 1196 3616 l,

250 3659 293 3711 20.
320 3653 352 3705 lt.
369 3654 412 3714 56.
433 3654 476 3710 65.
499 3655 543 3709 70.
578 3648 620 3700 Cl'.
640 3646 714 3703 Bake
745 3647 778 3701 de
806 3648 958 3701 Posidonio
988 3649 1101 3719 'sitisque
1130 3654 1195 3705 reli-

249 3756 330 3821 quiis.
357 3767 383 3818 p·
399 3754 442 3809 31·
493 3785 497 3791 «
