<?xml version="1.0" encoding="UTF-8"?>
<!DOCTYPE html PUBLIC "-//W3C//DTD XHTML 1.0 Transitional//EN"
    "http://www.w3.org/TR/xhtml1/DTD/xhtml1-transitional.dtd">
<html xmlns="http://www.w3.org/1999/xhtml" xml:lang="en" lang="en">
 <head>
  <title>
</title>
<meta http-equiv="Content-Type" content="text/html;charset=utf-8" />
  <meta name='ocr-system' content='tesseract 3.04.00' />
  <meta name='ocr-capabilities' content='ocr_page ocr_carea ocr_par ocr_line ocrx_word'/>
</head>
<body>
  <div class='ocr_page' id='page_1' title='image "./mtulliiciceroni01kuehgoog_0086.png"; bbox 0 0 2492 4259; ppageno 0'>
   <div class='ocr_carea' id='block_1_1' title="bbox 493 36 543 77">
    <p class='ocr_par' dir='ltr' id='par_1_1' title="bbox 493 36 543 77">
     <span class='ocr_line' id='line_1_1' title="bbox 493 36 543 77; baseline 0 -5"><span class='ocrx_word' id='word_1_1' title='bbox 493 66 495 77; x_wconf 84' lang='lat'>.</span> <span class='ocrx_word' id='word_1_2' title='bbox 535 36 543 72; x_wconf 85' lang='grc' dir='ltr'><strong><em>Ι</em></strong></span> 
     </span>
    </p>
   </div>
   <div class='ocr_carea' id='block_1_2' title="bbox 611 154 708 252">
    <p class='ocr_par' dir='ltr' id='par_1_2' title="bbox 611 154 708 252">
     <span class='ocr_line' id='line_1_2' title="bbox 611 154 708 252; baseline 0.041 -4"><span class='ocrx_word' id='word_1_3' title='bbox 611 154 680 249; x_wconf 58' lang='grc' dir='ltr'>ω’</span> <span class='ocrx_word' id='word_1_4' title='bbox 704 249 708 252; x_wconf 83' lang='grc'><strong>,</strong></span> 
     </span>
    </p>
   </div>
   <div class='ocr_carea' id='block_1_3' title="bbox 15 329 1230 2425">
    <p class='ocr_par' dir='ltr' id='par_1_3' title="bbox 15 329 1230 2425">
     <span class='ocr_line' id='line_1_3' title="bbox 133 329 1154 458; baseline 0.001 -18"><span class='ocrx_word' id='word_1_5' title='bbox 133 375 232 444; x_wconf 84' lang='lat' dir='ltr'>ticula</span> <span class='ocrx_word' id='word_1_6' title='bbox 263 329 347 442; x_wconf 76' lang='lat' dir='ltr'>ceriti</span> <span class='ocrx_word' id='word_1_7' title='bbox 379 374 453 440; x_wconf 85' lang='lat' dir='ltr'>libri</span> <span class='ocrx_word' id='word_1_8' title='bbox 481 372 520 437; x_wconf 87' lang='lat' dir='ltr'>de</span> <span class='ocrx_word' id='word_1_9' title='bbox 547 371 743 458; x_wconf 86' lang='lat' dir='ltr'>Republica,</span> <span class='ocrx_word' id='word_1_10' title='bbox 770 393 794 436; x_wconf 90' lang='lat' dir='ltr'>a</span> <span class='ocrx_word' id='word_1_11' title='bbox 819 369 989 438; x_wconf 86' lang='lat' dir='ltr'>Macrobio</span> <span class='ocrx_word' id='word_1_12' title='bbox 1021 388 1154 444; x_wconf 57' lang='lat' dir='ltr'>seruata</span> 
     </span>
     <span class='ocr_line' id='line_1_4' title="bbox 134 487 1156 603; baseline 0 -23"><span class='ocrx_word' id='word_1_13' title='bbox 134 528 230 602; x_wconf 83' lang='lat' dir='ltr'>atque</span> <span class='ocrx_word' id='word_1_14' title='bbox 254 515 442 602; x_wconf 70' lang='lat' dir='ltr'>explicatas</span> <span class='ocrx_word' id='word_1_15' title='bbox 458 511 493 576; x_wconf 89' lang='lat' dir='ltr'>in</span> <span class='ocrx_word' id='word_1_16' title='bbox 519 531 584 596; x_wconf 93' lang='lat' dir='ltr'>quo</span> <span class='ocrx_word' id='word_1_17' title='bbox 597 493 751 596; x_wconf 44' lang='lat' dir='ltr'>&#39;&#39;Platonis</span> <span class='ocrx_word' id='word_1_18' title='bbox 771 487 1079 603; x_wconf 50' lang='lat' dir='ltr'>&#39;quidem&#39;vestigiis</span> <span class='ocrx_word' id='word_1_19' title='bbox 1097 516 1156 580; x_wconf 92' lang='lat' dir='ltr'>in-</span> 
     </span>
     <span class='ocr_line' id='line_1_5' title="bbox 134 647 1157 741; baseline 0 -23"><span class='ocrx_word' id='word_1_20' title='bbox 134 653 266 736; x_wconf 75' lang='lat' dir='ltr'><strong>sistens,</strong></span> <span class='ocrx_word' id='word_1_21' title='bbox 297 653 426 724; x_wconf 82' lang='lat' dir='ltr'>nativae</span> <span class='ocrx_word' id='word_1_22' title='bbox 462 663 575 716; x_wconf 84' lang='lat' dir='ltr'>tamen</span> <span class='ocrx_word' id='word_1_23' title='bbox 609 647 726 714; x_wconf 84' lang='lat' dir='ltr'>indolis</span> <span class='ocrx_word' id='word_1_24' title='bbox 762 660 858 736; x_wconf 86' lang='lat' dir='ltr'>atque</span> <span class='ocrx_word' id='word_1_25' title='bbox 893 652 1016 741; x_wconf 86' lang='lat' dir='ltr'>ingenii</span> <span class='ocrx_word' id='word_1_26' title='bbox 1049 652 1157 718; x_wconf 85' lang='lat' dir='ltr'>docu-</span> 
     </span>
     <span class='ocr_line' id='line_1_6' title="bbox 134 756 1157 878; baseline -0.003 -19"><span class='ocrx_word' id='word_1_27' title='bbox 134 804 287 860; x_wconf 80' lang='lat' dir='ltr'><strong>mentum</strong></span> <span class='ocrx_word' id='word_1_28' title='bbox 303 788 401 856; x_wconf 85' lang='lat' dir='ltr'><strong>edidit</strong></span> <span class='ocrx_word' id='word_1_29' title='bbox 415 791 511 878; x_wconf 87' lang='lat' dir='ltr'>longe</span> <span class='ocrx_word' id='word_1_30' title='bbox 531 756 840 878; x_wconf 80' lang='lat' dir='ltr'>splendidissimum.</span> <span class='ocrx_word' id='word_1_31' title='bbox 856 813 900 842; x_wconf 68' lang='lat'>‘-</span> <span class='ocrx_word' id='word_1_32' title='bbox 921 791 977 858; x_wconf 87' lang='lat' dir='ltr'>Ad</span> <span class='ocrx_word' id='word_1_33' title='bbox 994 793 1157 858; x_wconf 82' lang='lat' dir='ltr'><strong>moralem</strong></span> 
     </span>
     <span class='ocr_line' id='line_1_7' title="bbox 95 931 1157 1026; baseline -0.004 -24"><span class='ocrx_word' id='word_1_34' title='bbox 95 934 391 1026; x_wconf 81' lang='lat' dir='ltr'>philosophiam,</span> <span class='ocrx_word' id='word_1_35' title='bbox 425 953 523 1018; x_wconf 87' lang='lat' dir='ltr'>quam</span> <span class='ocrx_word' id='word_1_36' title='bbox 554 931 705 1020; x_wconf 82' lang='lat' dir='ltr'>plurimis</span> <span class='ocrx_word' id='word_1_37' title='bbox 739 932 829 999; x_wconf 84' lang='lat' dir='ltr'>libris</span> <span class='ocrx_word' id='word_1_38' title='bbox 866 935 1057 1022; x_wconf 79' lang='lat' dir='ltr'>complexus</span> <span class='ocrx_word' id='word_1_39' title='bbox 1094 945 1157 1018; x_wconf 78' lang='lat' dir='ltr'>est,</span> 
     </span>
     <span class='ocr_line' id='line_1_8' title="bbox 133 1073 1155 1176; baseline -0.003 -36"><span class='ocrx_word' id='word_1_40' title='bbox 133 1075 315 1163; x_wconf 75' lang='lat' dir='ltr'>pertinent:</span> <span class='ocrx_word' id='word_1_41' title='bbox 349 1074 490 1162; x_wconf 86' lang='lat' dir='ltr'>quinque</span> <span class='ocrx_word' id='word_1_42' title='bbox 523 1073 597 1140; x_wconf 88' lang='lat' dir='ltr'>libri</span> <span class='ocrx_word' id='word_1_43' title='bbox 630 1073 671 1137; x_wconf 87' lang='lat' dir='ltr'>de</span> <span class='ocrx_word' id='word_1_44' title='bbox 701 1074 836 1144; x_wconf 77' lang='lat' dir='ltr'>Finibus</span> <span class='ocrx_word' id='word_1_45' title='bbox 872 1077 925 1176; x_wconf 79' lang='lat' dir='ltr'>B‘.</span> <span class='ocrx_word' id='word_1_46' title='bbox 939 1089 973 1143; x_wconf 83' lang='lat' dir='ltr'>et</span> <span class='ocrx_word' id='word_1_47' title='bbox 991 1076 1052 1156; x_wconf 81' lang='lat' dir='ltr'>M3</span> <span class='ocrx_word' id='word_1_48' title='bbox 1084 1086 1155 1139; x_wconf 83' lang='lat' dir='ltr'>tres</span> 
     </span>
     <span class='ocr_line' id='line_1_9' title="bbox 80 1170 1156 1301; baseline -0.012 -15"><span class='ocrx_word' id='word_1_49' title='bbox 80 1213 83 1222; x_wconf 31' lang='lat' dir='ltr'><em>s</em></span> <span class='ocrx_word' id='word_1_50' title='bbox 134 1216 210 1286; x_wconf 86' lang='lat' dir='ltr'>libri</span> <span class='ocrx_word' id='word_1_51' title='bbox 234 1216 274 1280; x_wconf 90' lang='lat' dir='ltr'>de</span> <span class='ocrx_word' id='word_1_52' title='bbox 304 1215 447 1300; x_wconf 77' lang='lat' dir='ltr'>Officiis3</span> <span class='ocrx_word' id='word_1_53' title='bbox 478 1170 685 1282; x_wconf 80' lang='lat' dir='ltr'>Tusculanae</span> <span class='ocrx_word' id='word_1_54' title='bbox 718 1214 917 1301; x_wconf 85' lang='lat' dir='ltr'>quaestiones</span> <span class='ocrx_word' id='word_1_55' title='bbox 924 1241 936 1298; x_wconf 83' lang='lat'>3</span> <span class='ocrx_word' id='word_1_56' title='bbox 963 1214 1079 1300; x_wconf 83' lang='lat' dir='ltr'>dialogi</span> <span class='ocrx_word' id='word_1_57' title='bbox 1112 1211 1156 1274; x_wconf 86' lang='lat' dir='ltr'>de</span> 
     </span>
     <span class='ocr_line' id='line_1_10' title="bbox 135 1337 1156 1448; baseline -0.005 -29"><span class='ocrx_word' id='word_1_58' title='bbox 135 1353 308 1422; x_wconf 80' lang='lat' dir='ltr'>Senectute</span> <span class='ocrx_word' id='word_1_59' title='bbox 346 1369 379 1421; x_wconf 87' lang='lat' dir='ltr'>et</span> <span class='ocrx_word' id='word_1_60' title='bbox 411 1355 452 1420; x_wconf 90' lang='lat' dir='ltr'>de</span> <span class='ocrx_word' id='word_1_61' title='bbox 487 1355 660 1448; x_wconf 82' lang='lat' dir='ltr'>Amicitia,</span> <span class='ocrx_word' id='word_1_62' title='bbox 701 1337 762 1422; x_wconf 70' lang='lat' dir='ltr'>seir</span> <span class='ocrx_word' id='word_1_63' title='bbox 802 1355 941 1442; x_wconf 88' lang='lat' dir='ltr'>denique</span> <span class='ocrx_word' id='word_1_64' title='bbox 983 1351 1156 1448; x_wconf 68' lang='lat' dir='ltr'>Paradopca</span> 
     </span>
     <span class='ocr_line' id='line_1_11' title="bbox 134 1489 1156 1582; baseline -0.006 -22"><span class='ocrx_word' id='word_1_65' title='bbox 134 1495 235 1562; x_wconf 86' lang='lat' dir='ltr'>stoica</span> <span class='ocrx_word' id='word_1_66' title='bbox 255 1518 274 1560; x_wconf 83' lang='lat' dir='ltr'>a</span> <span class='ocrx_word' id='word_1_67' title='bbox 291 1495 450 1561; x_wconf 85' lang='lat' dir='ltr'>Cicerone</span> <span class='ocrx_word' id='word_1_68' title='bbox 470 1492 631 1581; x_wconf 79' lang='lat' dir='ltr'>explicita.</span> <span class='ocrx_word' id='word_1_69' title='bbox 670 1492 729 1560; x_wconf 79' lang='lat' dir='ltr'>Ad</span> <span class='ocrx_word' id='word_1_70' title='bbox 745 1497 911 1582; x_wconf 81' lang='lat' dir='ltr'>politicam</span> <span class='ocrx_word' id='word_1_71' title='bbox 929 1489 1156 1581; x_wconf 85' lang='lat' dir='ltr'>philosophiae</span> 
     </span>
     <span class='ocr_line' id='line_1_12' title="bbox 134 1631 1230 1756; baseline 0.002 -58"><span class='ocrx_word' id='word_1_72' title='bbox 134 1640 265 1722; x_wconf 72' lang='lat' dir='ltr'>partem</span> <span class='ocrx_word' id='word_1_73' title='bbox 284 1633 447 1701; x_wconf 83' lang='lat' dir='ltr'>referendi</span> <span class='ocrx_word' id='word_1_74' title='bbox 470 1646 550 1699; x_wconf 85' lang='lat' dir='ltr'>sunt</span> <span class='ocrx_word' id='word_1_75' title='bbox 575 1657 635 1700; x_wconf 87' lang='lat' dir='ltr'>sex</span> <span class='ocrx_word' id='word_1_76' title='bbox 656 1631 731 1698; x_wconf 86' lang='lat' dir='ltr'>libri</span> <span class='ocrx_word' id='word_1_77' title='bbox 751 1632 792 1700; x_wconf 90' lang='lat' dir='ltr'>de</span> <span class='ocrx_word' id='word_1_78' title='bbox 810 1632 1005 1756; x_wconf 67' lang='lat' dir='ltr'>Rppublica,</span> <span class='ocrx_word' id='word_1_79' title='bbox 1025 1647 1060 1700; x_wconf 86' lang='lat' dir='ltr'>et</span> <span class='ocrx_word' id='word_1_80' title='bbox 1077 1632 1157 1700; x_wconf 92' lang='lat' dir='ltr'>libri</span> <span class='ocrx_word' id='word_1_81' title='bbox 1228 1662 1230 1673; x_wconf 47' lang='lat'><strong><em>³</em></strong></span> 
     </span>
     <span class='ocr_line' id='line_1_13' title="bbox 137 1772 1155 1864; baseline -0.001 -26"><span class='ocrx_word' id='word_1_82' title='bbox 137 1772 178 1839; x_wconf 86' lang='lat' dir='ltr'>de</span> <span class='ocrx_word' id='word_1_83' title='bbox 211 1774 365 1864; x_wconf 86' lang='lat' dir='ltr'>Legibus.</span> <span class='ocrx_word' id='word_1_84' title='bbox 425 1775 577 1863; x_wconf 88' lang='lat' dir='ltr'>Denique</span> <span class='ocrx_word' id='word_1_85' title='bbox 615 1773 796 1841; x_wconf 74' lang='lat' dir='ltr'>dialecticae</span> <span class='ocrx_word' id='word_1_86' title='bbox 836 1774 1038 1849; x_wconf 81' lang='lat' dir='ltr'>adscribendi</span> <span class='ocrx_word' id='word_1_87' title='bbox 1073 1783 1155 1838; x_wconf 85' lang='lat' dir='ltr'>sunt</span> 
     </span>
     <span class='ocr_line' id='line_1_14' title="bbox 15 1907 1154 2002; baseline -0.001 -26"><span class='ocrx_word' id='word_1_88' title='bbox 15 1907 19 1927; x_wconf 67' lang='lat'>¹</span> <span class='ocrx_word' id='word_1_89' title='bbox 136 1911 309 1978; x_wconf 87' lang='lat' dir='ltr'>academici</span> <span class='ocrx_word' id='word_1_90' title='bbox 330 1911 423 1994; x_wconf 86' lang='lat' dir='ltr'>¹libri,</span> <span class='ocrx_word' id='word_1_91' title='bbox 442 1915 479 1979; x_wconf 89' lang='lat' dir='ltr'>in</span> <span class='ocrx_word' id='word_1_92' title='bbox 499 1914 615 2002; x_wconf 83' lang='lat' dir='ltr'>quibus</span> <span class='ocrx_word' id='word_1_93' title='bbox 634 1913 843 2002; x_wconf 87' lang='lat' dir='ltr'>potissimum</span> <span class='ocrx_word' id='word_1_94' title='bbox 863 1915 905 1980; x_wconf 87' lang='lat' dir='ltr'>de</span> <span class='ocrx_word' id='word_1_95' title='bbox 924 1915 997 1982; x_wconf 83' lang='lat' dir='ltr'>veri</span> <span class='ocrx_word' id='word_1_96' title='bbox 1017 1913 1154 1998; x_wconf 87' lang='lat' dir='ltr'>falsique</span> 
     </span>
     <span class='ocr_line' id='line_1_15' title="bbox 137 2019 1154 2146; baseline -0.002 -30"><span class='ocrx_word' id='word_1_97' title='bbox 137 2019 322 2118; x_wconf 81' lang='lat' dir='ltr'>notionibus</span> <span class='ocrx_word' id='word_1_98' title='bbox 362 2052 562 2140; x_wconf 64' lang='lat' dir='ltr'>&#39;disputatura</span> <span class='ocrx_word' id='word_1_99' title='bbox 599 2052 716 2146; x_wconf 83' lang='lat' dir='ltr'>quibus</span> <span class='ocrx_word' id='word_1_100' title='bbox 756 2051 829 2119; x_wconf 87' lang='lat' dir='ltr'>addi</span> <span class='ocrx_word' id='word_1_101' title='bbox 864 2055 992 2141; x_wconf 87' lang='lat' dir='ltr'>possint</span> <span class='ocrx_word' id='word_1_102' title='bbox 1025 2052 1154 2139; x_wconf 88' lang='lat' dir='ltr'>Topica</span> 
     </span>
     <span class='ocr_line' id='line_1_16' title="bbox 136 2147 1156 2283; baseline 0 -27"><span class='ocrx_word' id='word_1_103' title='bbox 136 2147 324 2270; x_wconf 77' lang='lat' dir='ltr'>Ciceroni83</span> <span class='ocrx_word' id='word_1_104' title='bbox 351 2191 406 2255; x_wconf 86' lang='lat' dir='ltr'>sed</span> <span class='ocrx_word' id='word_1_105' title='bbox 428 2191 507 2258; x_wconf 88' lang='lat' dir='ltr'>haec</span> <span class='ocrx_word' id='word_1_106' title='bbox 534 2194 574 2259; x_wconf 87' lang='lat' dir='ltr'>ad</span> <span class='ocrx_word' id='word_1_107' title='bbox 596 2187 725 2275; x_wconf 76' lang='lat' dir='ltr'>dicendi</span> <span class='ocrx_word' id='word_1_108' title='bbox 741 2196 849 2283; x_wconf 79' lang='lat' dir='ltr'>potius</span> <span class='ocrx_word' id='word_1_109' title='bbox 871 2207 976 2261; x_wconf 80' lang='lat' dir='ltr'>artem</span> <span class='ocrx_word' id='word_1_110' title='bbox 996 2174 1156 2282; x_wconf 79' lang='lat' dir='ltr'>spectant.</span> 
     </span>
     <span class='ocr_line' id='line_1_17' title="bbox 135 2328 1155 2425; baseline -0.003 -29"><span class='ocrx_word' id='word_1_111' title='bbox 135 2331 225 2396; x_wconf 86' lang='lat' dir='ltr'>Nam</span> <span class='ocrx_word' id='word_1_112' title='bbox 244 2328 285 2393; x_wconf 89' lang='lat' dir='ltr'>de</span> <span class='ocrx_word' id='word_1_113' title='bbox 305 2328 466 2396; x_wconf 83' lang='lat' dir='ltr'>dialectica</span> <span class='ocrx_word' id='word_1_114' title='bbox 485 2357 542 2402; x_wconf 85' lang='lat' dir='ltr'>seu</span> <span class='ocrx_word' id='word_1_115' title='bbox 562 2336 665 2425; x_wconf 83' lang='lat' dir='ltr'>logica</span> <span class='ocrx_word' id='word_1_116' title='bbox 685 2360 705 2402; x_wconf 89' lang='lat' dir='ltr'>a</span> <span class='ocrx_word' id='word_1_117' title='bbox 721 2337 879 2405; x_wconf 87' lang='lat' dir='ltr'>Cicerone</span> <span class='ocrx_word' id='word_1_118' title='bbox 900 2332 1047 2400; x_wconf 84' lang='lat' dir='ltr'>confecta</span> <span class='ocrx_word' id='word_1_119' title='bbox 1066 2329 1155 2398; x_wconf 85' lang='lat' dir='ltr'>haud</span> 
     </span>
    </p>
   </div>
   <div class='ocr_carea' id='block_1_4' title="bbox 137 2471 505 2575">
    <p class='ocr_par' dir='ltr' id='par_1_4' title="bbox 137 2471 505 2575">
     <span class='ocr_line' id='line_1_18' title="bbox 137 2471 505 2575; baseline 0.008 -39"><span class='ocrx_word' id='word_1_120' title='bbox 137 2471 366 2550; x_wconf 88' lang='lat' dir='ltr'>somniandum</span> <span class='ocrx_word' id='word_1_121' title='bbox 393 2484 442 2539; x_wconf 81' lang='lat' dir='ltr'>est</span> <span class='ocrx_word' id='word_1_122' title='bbox 462 2473 505 2575; x_wconf 33' lang='grc' dir='ltr'>εἰ)’.</span> 
     </span>
    </p>
   </div>
   <div class='ocr_carea' id='block_1_5' title="bbox 160 2691 1130 2938">
    <p class='ocr_par' dir='ltr' id='par_1_5' title="bbox 160 2691 1130 2938">
     <span class='ocr_line' id='line_1_19' title="bbox 436 2691 865 2797; baseline 0.009 -3"><span class='ocrx_word' id='word_1_123' title='bbox 436 2729 588 2794; x_wconf 69' lang='lat' dir='ltr'>Cruor</span> <span class='ocrx_word' id='word_1_124' title='bbox 632 2691 865 2797; x_wconf 42' lang='lat' dir='ltr'>rnnrrnni</span> 
     </span>
     <span class='ocr_line' id='line_1_20' title="bbox 160 2847 1130 2938; baseline 0.01 -10"><span class='ocrx_word' id='word_1_125' title='bbox 160 2863 224 2929; x_wconf 82' lang='lat' dir='ltr'>nn</span> <span class='ocrx_word' id='word_1_126' title='bbox 262 2863 507 2933; x_wconf 75' lang='lat' dir='ltr'>cromonrs</span> <span class='ocrx_word' id='word_1_127' title='bbox 536 2866 855 2934; x_wconf 80' lang='lat' dir='ltr'>rnrnosorfflA</span> <span class='ocrx_word' id='word_1_128' title='bbox 881 2847 1130 2938; x_wconf 78' lang='lat' dir='ltr'>nnrvnnsn.</span> 
     </span>
    </p>
   </div>
   <div class='ocr_carea' id='block_1_6' title="bbox 87 3056 1153 3706">
    <p class='ocr_par' dir='ltr' id='par_1_6' title="bbox 136 3056 1153 3273">
     <span class='ocr_line' id='line_1_21' title="bbox 136 3056 1153 3134; baseline 0.009 -12"><span class='ocrx_word' id='word_1_129' title='bbox 136 3056 276 3124; x_wconf 83' lang='lat' dir='ltr'><strong>XVII.</strong></span> <span class='ocrx_word' id='word_1_130' title='bbox 329 3059 393 3126; x_wconf 89' lang='lat' dir='ltr'>DE</span> <span class='ocrx_word' id='word_1_131' title='bbox 438 3060 683 3132; x_wconf 80' lang='lat' dir='ltr'>CICERONlS</span> <span class='ocrx_word' id='word_1_132' title='bbox 726 3068 779 3134; x_wconf 93' lang='lat' dir='ltr'>IN</span> <span class='ocrx_word' id='word_1_133' title='bbox 824 3060 1153 3133; x_wconf 77' lang='lat' dir='ltr'>CONFICIENDIS</span> 
     </span>
     <span class='ocr_line' id='line_1_22' title="bbox 218 3195 1067 3273; baseline 0.008 -14"><span class='ocrx_word' id='word_1_134' title='bbox 218 3195 570 3268; x_wconf 88' lang='lat' dir='ltr'>PHILOSOPHIOIS</span> <span class='ocrx_word' id='word_1_135' title='bbox 601 3204 804 3273; x_wconf 79' lang='lat' dir='ltr'>SCRIPTIS</span> <span class='ocrx_word' id='word_1_136' title='bbox 837 3199 1067 3269; x_wconf 89' lang='lat' dir='ltr'><strong>CONSILIO.</strong></span> 
     </span>
    </p>

    <p class='ocr_par' dir='ltr' id='par_1_7' title="bbox 199 3328 1152 3426">
     <span class='ocr_line' id='line_1_23' title="bbox 199 3328 1152 3426; baseline 0.006 -28"><span class='ocrx_word' id='word_1_137' title='bbox 199 3333 234 3398; x_wconf 90' lang='lat' dir='ltr'>Si</span> <span class='ocrx_word' id='word_1_138' title='bbox 273 3333 446 3420; x_wconf 82' lang='lat' dir='ltr'>scriptoris.</span> <span class='ocrx_word' id='word_1_139' title='bbox 476 3338 608 3426; x_wconf 87' lang='lat' dir='ltr'>alicujus</span> <span class='ocrx_word' id='word_1_140' title='bbox 647 3328 861 3409; x_wconf 59' lang='lat' dir='ltr'>monumenta</span> <span class='ocrx_word' id='word_1_141' title='bbox 904 3352 1017 3406; x_wconf 84' lang='lat' dir='ltr'>curate</span> <span class='ocrx_word' id='word_1_142' title='bbox 1054 3350 1152 3426; x_wconf 82' lang='lat' dir='ltr'>atque</span> 
     </span>
    </p>

    <p class='ocr_par' dir='ltr' id='par_1_8' title="bbox 87 3455 1153 3572">
     <span class='ocr_line' id='line_1_24' title="bbox 87 3455 1153 3572; baseline 0.015 -40"><span class='ocrx_word' id='word_1_143' title='bbox 87 3509 91 3524; x_wconf 72' lang='lat'>‚</span> <span class='ocrx_word' id='word_1_144' title='bbox 132 3469 301 3572; x_wconf 82' lang='lat' dir='ltr'>diligenler</span> <span class='ocrx_word' id='word_1_145' title='bbox 332 3478 518 3565; x_wconf 81' lang='lat' dir='ltr'>percipere,</span> <span class='ocrx_word' id='word_1_146' title='bbox 551 3455 740 3569; x_wconf 79' lang='lat' dir='ltr'>justumque</span> <span class='ocrx_word' id='word_1_147' title='bbox 765 3482 804 3549; x_wconf 88' lang='lat' dir='ltr'>iis</span> <span class='ocrx_word' id='word_1_148' title='bbox 832 3483 977 3570; x_wconf 84' lang='lat' dir='ltr'>pretium</span> <span class='ocrx_word' id='word_1_149' title='bbox 1008 3494 1153 3549; x_wconf 86' lang='lat' dir='ltr'>statuere</span> 
     </span>
    </p>

    <p class='ocr_par' dir='ltr' id='par_1_9' title="bbox 132 3611 1152 3706">
     <span class='ocr_line' id='line_1_25' title="bbox 132 3611 1152 3706; baseline 0.013 -31"><span class='ocrx_word' id='word_1_150' title='bbox 132 3611 305 3695; x_wconf 89' lang='lat' dir='ltr'>volumus,</span> <span class='ocrx_word' id='word_1_151' title='bbox 343 3627 418 3681; x_wconf 84' lang='lat' dir='ltr'>ante</span> <span class='ocrx_word' id='word_1_152' title='bbox 445 3618 570 3701; x_wconf 82' lang='lat' dir='ltr'>omnia,</span> <span class='ocrx_word' id='word_1_153' title='bbox 609 3620 696 3706; x_wconf 89' lang='lat' dir='ltr'>quod</span> <span class='ocrx_word' id='word_1_154' title='bbox 727 3621 765 3687; x_wconf 90' lang='lat' dir='ltr'>in</span> <span class='ocrx_word' id='word_1_155' title='bbox 793 3620 832 3685; x_wconf 90' lang='lat' dir='ltr'>iis</span> <span class='ocrx_word' id='word_1_156' title='bbox 864 3619 1070 3690; x_wconf 85' lang='lat' dir='ltr'>conficiendis</span> <span class='ocrx_word' id='word_1_157' title='bbox 1096 3645 1152 3688; x_wconf 84' lang='lat' dir='ltr'>se-</span> 
     </span>
    </p>
   </div>
   <div class='ocr_carea' id='block_1_7' title="bbox 149 3838 1017 3976">
    <p class='ocr_par' dir='ltr' id='par_1_10' title="bbox 149 3838 1017 3976">
     <span class='ocr_line' id='line_1_26' title="bbox 149 3838 1017 3976; baseline 0.02 -21"><span class='ocrx_word' id='word_1_158' title='bbox 149 3894 181 3964; x_wconf 79' lang='lat'>8)</span> <span class='ocrx_word' id='word_1_159' title='bbox 199 3899 235 3953; x_wconf 87' lang='lat' dir='ltr'>V.</span> <span class='ocrx_word' id='word_1_160' title='bbox 254 3899 387 3958; x_wconf 79' lang='lat' dir='ltr'>Bruokes·</span> <span class='ocrx_word' id='word_1_161' title='bbox 409 3903 484 3966; x_wconf 78' lang='lat' dir='ltr'>¹Hist.</span> <span class='ocrx_word' id='word_1_162' title='bbox 503 3903 572 3976; x_wconf 83' lang='lat' dir='ltr'>phil·</span> <span class='ocrx_word' id='word_1_163' title='bbox 596 3904 631 3960; x_wconf 84' lang='lat' dir='ltr'>T.</span> <span class='ocrx_word' id='word_1_164' title='bbox 645 3905 681 3972; x_wconf 69' lang='lat' dir='ltr'>II,</span> <span class='ocrx_word' id='word_1_165' title='bbox 697 3921 726 3976; x_wconf 69' lang='grc' dir='ltr'>Ρ·</span> <span class='ocrx_word' id='word_1_166' title='bbox 738 3909 783 3966; x_wconf 74' lang='grc'>46·</span> <span class='ocrx_word' id='word_1_167' title='bbox 925 3929 929 3937; x_wconf 69' lang='grc'>’</span> <span class='ocrx_word' id='word_1_168' title='bbox 993 3838 1017 3881; x_wconf 61' lang='grc'><strong>.</strong></span> 
     </span>
    </p>
   </div>
   <div class='ocr_carea' id='block_1_8' title="bbox 0 0 1250 4259">
    <p class='ocr_par' dir='ltr' id='par_1_11' title="bbox 0 0 1250 4259">
     <span class='ocr_line' id='line_1_27' title="bbox 0 0 1250 4259; baseline 0 0"><span class='ocrx_word' id='word_1_169' title='bbox 0 0 1250 4259; x_wconf 95' lang='lat' dir='ltr'> </span> 
     </span>
    </p>
   </div>
  </div>
 </body>
</html>
