2492 4259
642 149 726 263 100
792 260 800 284 Ι

177 350 382 420 subtilissima
410 347 624 443 disputatione
645 346 786 433 piurima
813 345 946 412 fluxisse
973 346 1127 417 videntur
1151 371 1193 413 ex

179 488 361 559 carneadeis
382 483 668 574 disputationibus,
686 506 764 569 quas
789 485 1025 569 Clitomachus,
1047 466 1193 583 diicipu.

177 635 229 700 lus
251 626 443 713 Carneadis,
463 646 566 711 quum
588 623 642 687 hio
664 602 745 689 nihil
765 626 834 712 ipse
856 631 1053 718 scripsisset,
1080 632 1117 697 in
1139 632 1195 697 lit-

100 850 105 855 ,
177 785 264 838 teras
285 766 409 853 redegit
431 763 480 851 ⁸),
502 776 534 829 et
554 759 627 851 ip'so
647 765 806 833 Cicerone
829 743 860 855 i)
880 782 1035 852 testante,
1057 782 1098 840 et¹
1112 792 1193 835 vero

174 912 341 978 referente
359 907 473 971 eadem
493 908 593 972 Sexto
611 900 779 996 Empirico
796 908 838 991 ¹).
889 904 981 994 Quae
1003 909 1110 995 capite
1122 908 1192 975 XV

180 1055 297 1119 Cicero
315 1046 466 1136 protulit,
498 1058 531 1109 et
559 1068 642 1131 quae
670 1045 885 1143 antecedunt,
918 1048 1095 1135 eademque
1115 1026 1193 1136 par-

178 1193 240 1257 tim
268 1212 311 1254 ex
342 1185 517 1252 Aristotele
545 1184 658 1266 dueta,
698 1183 873 1249 Carneadis
906 1211 992 1271 esse,
1025 1204 1192 1257 ostensum

178 1333 240 1399 ivit
260 1332 517 1397 Tennemannus
545 1325 581 1389 in
607 1324 721 1389 histor.
743 1324 965 1425 philosophira
985 1330 1029 1415 ²).
1071 1332 1192 1397 Indea
1226 1334 1227 1345 ¹

180 1471 284 1560 capite
299 1467 407 1533 XVII
441 1482 541 1548 usque
574 1460 614 1523 ad
646 1482 714 1545 rap.
729 1460 839 1527 XXV
861 1464 974 1547 Cotta,
994 1450 1191 1535 *carneadeis

139 1691 149 1703 ,
177 1610 324 1677 munitus
345 1585 460 1685 armis,
489 1612 608 1666 eontra
623 1600 747 1667 Stoicos
769 1600 921 1690 disputat.
969 1662 970 1665 ,
1016 1595 1020 1605 ’

120 1878 125 1893 “
210 1844 390 1982 xxrirr.
431 1878 532 1945 uuo
569 1878 695 1944 trani
729 1877 793 1971 un
825 1880 1161 1954 unuunrroun.

121 1984 143 2036 Ἰ
239 2029 280 2092 In
299 2022 409 2111 primo
428 2019 513 2085 libro
539 2017 724 2115 Stoicorum
745 2018 785 2083 de
811 2020 874 2085 hoc
901 2037 1094 2111 argumento
1116 2050 1191 2091 sen-

176 2167 277 2234 tentia
305 2164 502 2251 explicatur,
536 2156 647 2223 multis
677 2168 787 2223 tamen
820 2140 971 2258 admixtis
1007 2190 1025 2230 e
1057 2168 1190 2233 Platone

177 2304 309 2387 aliisque
348 2298 559 2387 philosophis.
620 2274 764 2363 Plurima
803 2312 968 2366 mutuatus
1003 2305 1136 2371 videtur
1173 2331 1189 2371 a

177 2444 388 2529 Chrysippo,
405 2442 461 2527 qui
481 2439 571 2506 varia
593 2438 633 2503 de
653 2438 717 2502 hoo
738 2437 961 2524 philosophiae
979 2442 1066 2524 Ιόοο,
1089 2446 1189 2511 veluti

138 2642 141 2647 .
176 2584 296 2650 librum
331 2584 409 2671 trent
429 2582 619 2673 yprenses,
653 2576 782 2663 scripsit
806 2580 848 2657 3).
905 2580 1015 2643 Etiam
1045 2582 1191 2674 Babylo-

174 2722 248 2785 nius
268 2722 451 2807 Diogenes,
471 2720 616 2796 Stoieus,
633 2715 757 2780 auditor
779 2716 978 2805 Chrysippi,
998 2723 1190 2819 magistrum

63 2904 75 2913 „
174 2882 272 2925 suum
292 2860 505 2945 subsequens,
539 2881 644 2924 unum
671 2856 791 2923 librum
819 2857 861 2921 tie
887 2857 1100 2924 Divinatione
1120 2863 1188 2927 edi-

175 2998 222 3064 dit
247 3002 293 3080 ⁴).
349 2998 540 3065 Posidonius
581 3002 723 3086 quinque
758 2998 857 3065 libros
900 2998 946 3063 de·
976 3000 1187 3071 Divinatione

122 3491 132 3505 ¹
242 3469 597 3553 ahv.Math.1X.1tosq.

242 3582 331 3637 rann.
349 3582 442 3635 eesca.
460 3564 486 3631 a.
504 3582 577 3637 ruz.
601 3584 636 3637 r.
651 3585 708 3640 lv„
724 3600 752 3653 p.
765 3588 827 3646 351·
936 3653 938 3655 v

242 3680 276 3732 V.
293 3679 351 3732 Cio.
368 3681 402 3732 de
420 3682 513 3735 [ntia.
530 3684 571 3748 11,
587 3687 631 3743 65.
647 3683 714 3753 ibiq.
732 3684 828 3740 Daris.
852 3682 896 3738 Ci·
911 3684 939 3751 I,
958 3690 1001 3745 20·
1020 3688 1064 3745 38·
1082 3689 1127 3748 49⁵
1143 3690 1183 3749 52·

194 3823 196 3828 .
242 3778 283 3841 11,
303 3784 346 3837 56·
364 3784 407 3837 63.
1091 3808 1095 3813 ’

104 3922 107 3929 .
191 3875 478 3951 &witin-1233&
502 3880 602 3944 ltro.
1083 3892 1086 3897 '
