2492 4259
503 179 586 258 173

678 287 702 337 0

40 384 175 448 tentiam
200 401 318 467 magna
348 378 510 466 diligentia
538 380 750 475 atqueflarga
782 380 935 446 orationis
962 381 1055 469 copia

43 525 186 612 exponit.
227 521 415 635 Dolendum
437 546 514 587 sane
534 534 599 602 est,
632 523 788 610 temporis
817 518 935 609 injuria
955 527 1057 591 multa
1157 526 1164 551 ’

44 667 133 732 nobis
176 687 276 751 eaque
317 623 507 753 glavissima
543 667 613 730 loca
658 688 701 733 ex
742 666 801 731 ha'c
840 666 1058 767 disputatione
1113 673 1144 721 =’

43 834 107 875 esse
137 821 272 896 erepta.
324 808 438 873 Teitia
469 808 558 874 enim
587 791 837 895 disputationis
844 832 937 897 pars,
976 834 1057 899 qnae

44 966 89 1018 est
108 953 151 1017 de
175 952 312 1016 deorum
330 950 553 1038 providentia,
572 974 649 1016 cum
672 950 802 1017 dimidia
816 966 911 1040 parte
926 950 1067 1040 quartae

47 1095 147 1162 deest.¹
184 1096 291 1161 Pauca
321 1092 477 1180 quaedam
507 1093 604 1177 hujus
632 1094 694 1159 loci
715 1106 844 1161 servata
869 1096 947 1161 sunt
973 1096 1061 1185 apud

46 1240 251 1303 Lactantium
272 1234 322 1323 ²).
362 1198 514 1325 Quatuor
546 1238 746 1324 argumentis
786 1236 884 1313 Stoici
915 1238 1058 1326 probare
1132 1329 1137 1341 Ι

49 1380 236 1461 studebant,
265 1378 341 1443 deos
363 1369 542 1466 providere
562 1390 596 1444 et
620 1364 788 1483 consuisse
815 1380 1002 1447 hominibus
1019 1380 1064 1463 3).

50 1524 202 1612 Quorum
235 1520 371 1608 quidem
402 1514 678 1610 argumentorum¹
691 1521 840 1617 secundo
875 1535 908 1591 et
946 1536 1063 1611 quarto

49 1621 128 1753 quae
156 1667 253 1733 Cotta
276 1664 461 1753 respondit,
491 1686 529 1727 ea
557 1655 625 1751 sola
645 1666 838 1753 integra'ad
859 1687 920 1730 nos
942 1688 1065 1753 perve—

49 1823 178 1875 nerunt„
219 1811 331 1897 Quare
353 1830 449 1894 saepe
469 1829 625 1887 numere,
647 1799 728 1893 quae
751 1805 867 1873 dtsunt
888 1809 941 1873 vel
965 1811 1065 1875 muti·
1149 1809 1153 1831 ’

50 1954 111 2018 lata
136 1952 176 2017 ad
201 1975 262 2017 nos
282 1923 527 2039 pervenerunt,
556 1909 712 2045 epottae
726 1950 954 2039 'disputatione
983 1967 1078 2017 con-'

50 2094 186 2177 jiciendo
202 2116 411 2181 assequamur
425 2106 458 2157 et
480 2093 620 2179 quedam
639 2094 738 2157 modo
759 2095 983 2182 suppleamus,
1005 2118 1067 2159 ne-

53 2260 139 2303 cesse
158 2238 232 2303 erit.
250 2265 293 2292 --
310 2237 431 2303 'Balbus
452 2262 470 2303 e
492 2238 677 2303 Stoicorum
698 2249 809 2301 mente
829 2249 933 2302 totam
966 2260 1067 2324 quae·

54 2381 189 2446 stionem
212 2382 259 2445 inl
278 2346 416 2467 quatuor
447 2380 601 2448 diviserat
631 2392 750 2466 pestes.
797 2380 948 2447 Primum
979 2372 1069 2447 enim

55 2523 178 2605 docuit,
200 2523 270 2588 esse
291 2498 385 2588 deos:
407 2524 540 2605 deinde,
568 2525 678 2608 quales
699 2534 823 2589 essent:
852 2536 941 2604 tum,
968 2546 1071 2587 mnn-

57 2665 132 2730 dum
155 2666 195 2730 ab
215 2666 266 2731 his
287 2666 521 2732 administrari:
542 2678 710 2755 postremo
717 2664 915 2747 „consulere
939 2688 993 2730 eos
1015 2688 1072 2731 re-

57 2808 114 2873 bus
147 2810 309 2892 humanis.
363 2811 477 2875 Tertia
512 2824 545 2905 et
573 2824 686 2899 quarta
715 2832 791 2897 pars
828 2831 897 2873 sese
917 2810 1073 2921 includit3
1187 2826 1190 2833 “

20 2985 21 2988 ¹
57 2951 142 3017 unde
163 2950 321 3033 efficitur,
342 2951 434 3017 Balbi
455 2951 708 3041 disputationem
730 2974 968 3038 nonnunquam
990 2930 1074 3016 con-

59 3091 162 3159 fusam
184 3118 309 3159 esseae
329 3051 572 3183 pertmbalam,
591 3071 742 3184 inpiimis
759 3108 835 3183 post
855 3056 925 3182 dap.
935 3095 1075 3162 XXIX.

59 3234 171 3323 Itaque
191 3238 305 3319 cotta,
326 3260 429 3323 quum
450 3239 509 3304 has
529 3251 668 3325 quatuor
687 3230 893 3359 gravissimas
913 3237 1075 3323 quaestio·
1101 3271 1104 3276 ·

60 3400 115 3441 nes
135 3370 312 3445 audivisset
333 3394 429 3469 atque
449 3352 714 3476 perpendisset,
722 3406 823 3461 innam
845 3393 922 3469 post
942 3382 1076 3445 alteiam
1113 3434 1117 3449 ,
1145 3404 1150 3421 ”

60 3520 240 3587 academico
276 3545 369 3589 more
401 3525 603 3613 aggreditur,
640 3521 685 3591 ita
719 3506 865 3609 quidem,
894 3534 931 3589 ut
957 3523 1076 3606 omnia,

75 3810 108 3878 2)
126 3811 196 3865 mv.
217 3793 309 3868 nint.
321 3816 364 3881 11,
382 3820 409 3875 a·
432 3819 460 3879 a:

76 3930 109 3998 a)
126 3932 215 4005 Μ).
233 3934 269 3989 11.
293 3937 406 3995 30-32·
430 3961 442 3974 v·
465 3983 468 3993 .
