2492 4259
534 165 589 241 85

53 365 88 429 de
109 363 211 462 rebus
235 360 478 449 grandioribus,
498 366 600 465 veluti
622 342 669 428 (Ιᾶ
683 364 795 431 divino
816 366 960 446 numine,
983 365 1070 452 ejus-

52 500 329 589 quetviitutibus,
358 502 399 569 de
417 503 532 570 mundi
550 504 810 592 pulchritudine,
840 495 1068 592 ordinaretque
1088 501 1090 508 ’

51 655 183 724 ornatu,
210 619 260 707 de
286 645 418 712 moralis
447 645 614 712 doctrinae
639 644 837 732 gravissimis
867 645 1066 731 argumentis
1119 659 1122 664 “

51 784 151 848 rerba
177 781 270 865 iacit,
308 795 405 871 atque
434 787 523 873 ipsae
553 808 607 852 res
637 777 740 854 verbe
772 782 919 869 rapiunt:
961 783 1064 857 oratio

51 926 234 991 sublimiore
261 924 354 1010 quasi
380 922 496 1010 spiritu
524 924 687 1011 exsurgit,
716 933 749 987 ei
778 941 919 1008 summo
934 919 1062 1022 romani
1148 965 1149 972 κ

51 1064 206 1130 sermonis
239 1064 412 1152 splendore
439 1085 477 1129 sc
502 1065 685 1148 majestate,
716 1075 749 1130 et
764 1021 958 1128 beatissime
981 1082 1062 1146 qua-

51 1204 119 1270 dam
139 1203 261 1291 ingenii
280 1203 427 1270 ubertate
447 1203 561 1267 elucet.
612 1203 770 1274 Omnino¹
788 1206 897 1270 omnia
927 1203 1065 1268 Cicero-4

50 1344 95 1410 nis
116 1343 341 1432 philosophica
359 1343 481 1430 scripte
506 1344 591 1408 miro
620 1345 760 1430 quodem
787 1347 915 1434 lepore,
948 1367 1057 1410 venu-

48 1496 139 1566 state,
165 1483 364 1565 urbanitate,
397 1484 494 1550 attico
524 1486 591 1550 sale
615 1452 802 1572 facetiisque
828 1496 940 1550 ornata
970 1493 1057 1548 suut.

49 1623 167 1692 Reium
187 1595 409 1692 difficultatem
426 1625 585 1719 sermonis
606 1625 769 1728 elegantia!
783 1637 878 1711 atque
898 1623 1056 1690 suavitate

48 1762 166 1826 elevare
186 1761 310 1830 studuit
330 1762 385 1852 3).1
414 1766 570 1853 Inprimis
588 1765 726 1834 mirifica
748 1767 884 1852 quadam
905 1743 1054 1854 pulchri-

47 1901 151 1966 tudine
174 1881 274 1988 atque
301 1903 539 1992 magnificentia
565 1931 640 1974 sese
670 1907 900 1974 commendant
936 1903 1051 1992 quibus

48 2041 262 2131 philosophica
289 2066 347 2108 sua
376 2048 496 2134 scripta
524 2052 669 2116 exordiri
698 2053 777 2115 solet
800 2047 982 2136 prooemia:
1014 2044 1051 2108 in
1115 2084 1118 2088 -
1153 2035 1156 2048 ’

48 2151 153 2267 quibus
172 2184 358 2272 principem
377 2151 464 2252 baud
493 2191 588 2256 dubie
608 2195 716 2257 locum
738 2188 886 2254 obtinent
908 2197 941 2250 et
965 2185 1053 2266 illud,

49 2343 105 2404 quo
124 2324 302 2406 secundum
323 2326 581 2394 academicorum
600 2330 778 2411 librorum,
803 2307 843 2396 et
861 2330 954 2411 illud,
985 2297 1050 2415 quo

47 2460 185 2544 quintum
205 2436 325 2531 librum
347 2449 543 2534 deFinibus
562 2469 732 2534 Bonorum
753 2481 785 2534 et
805 2469 971 2536 Malorum
989 2495 1050 2535 au·
1135 2543 1144 2558 „

48 2600 179 2687 spiratur
204 2605 249 2689 ⁴)·
304 2605 417 2703 Quae·
432 2607 563 2693 quidem
593 2611 704 2675 omnia
741 2610 769 2674 si
806 2607 1050 2704 perpendimus,
1150 2647 1152 2654 ·

398 2736 401 2757 Ι
454 2749 458 2757 1

46 2774 480 2799 Ἦ

63 2887 89 2956 3)
104 2889 145 2946 ci.
161 2885 286 2949 Ernestii
301 2895 426 2952 Dedicat.
444 2897 479 2950 ad
497 2894 562 2950 Chr.
582 2893 654 2950 Lud·
670 2893 832 2966 Stlglizium
848 2909 876 2961 p.
892 2893 994 2946 LXIIi.

65 3005 296 3074 tillemontius
320 3013 401 3066 locus
419 3012 454 3065 de
472 3012 616 3066 Ciceronis
640 3019 792 3083 prooemiis
813 3023 887 3067 extat
905 3016 935 3064 iu
952 3025 996 3090 ep.
1014 3009 1049 3063 ad

109 3107 195 3163 Attie-
210 3111 298 3178 XVI,
314 3117 342 3172 6.
369 3110 420 3165 ubi
449 3112 562 3178 “Nuuc,
591 3117 698 3180 iuquit,
729 3116 928 3184 negligentiam
959 3129 1051 3166 meam
1112 3123 1114 3130 '

109 3223 258 3278 cognosce
292 3211 336 3264 De
359 3210 458 3265 Gloria
478 3209 582 3264 librum
600 3211 634 3262 ad
652 3223 680 3264 te
698 3217 777 3275 misi3
803 3224 830 3263 at
847 3217 877 3263 in
897 3229 930 3264 ee
949 3227 1052 3279 prooe-

107 3311 198 3362 mium
222 3307 252 3362 id
276 3320 331 3377 est,
355 3310 431 3378 quod
454 3315 485 3363 in
503 3308 672 3364 Academico
701 3316 793 3366 tertio.
838 3314 870 3368 Id
896 3317 987 3366 evcnit
1013 3311 1049 3364 ob

112 3423 174 3460 eam
190 3425 266 3473 rem,
291 3409 367 3479 quod
392 3407 482 3462 habeo
499 3411 632 3462 volumen
648 3415 872 3478 prooemiorum
897 3411 1004 3477 conjeci
1021 3410 1052 3462 id

109 3510 140 3558 in
156 3524 224 3559 eum
240 3505 361 3572 librum,
384 3523 467 3576 quem
485 3505 538 3559 tibi
559 3511 635 3558 misi·
670 3507 741 3560 Cum
768 3501 860 3562 autem
878 3513 908 3562 in
924 3509 990 3562 uari
1012 3510 1054 3561 le·

111 3621 205 3674 geram
223 3603 423 3672 Academicos,
445 3610 548 3674 agnovi
565 3617 687 3659 erratum
711 3624 820 3673 insum,
843 3613 936 3675 itaque
959 3612 1053 3661 statim

113 3722 217 3759 novum
239 3707 416 3772 prooemium
434 3703 629 3766 exaravi31ibi
648 3708 737 3758 misi.”
769 3707 803 3759 de
821 3724 877 3774 quo
898 3708 961 3758 loco
979 3718 1053 3758 recte

117 3804 264 3874 disputarit
292 3801 449 3856 illiddletou
477 3801 540 3854 Life
570 3800 604 3853 os
627 3802 740 3868 Cicero,
772 3811 801 3857 iu
826 3817 930 3858 aurion·
956 3805 990 3855 T·
1005 3805 1056 3855 lv.

120 3919 140 3955 a·
155 3905 205 3958 IX.
223 3919 251 3971 p.
265 3906 319 3964 258
336 3918 376 3971 sq·
398 3927 432 3942 -
452 3901 581 3955 Ceterum
600 3901 634 3955 de
653 3901 793 3957 Ciceronis
813 3909 842 3956 iu
861 3879 932 3971 phu
948 3906 1057 3968 scriptis
1094 3943 1098 3948 .
