2492 4259
187 347 412 452 philosophiae
422 347 494 413 loco
504 346 663 414 sententia
674 346 860 433 exponitur,
868 348 1043 438 disputatio
1054 372 1122 417 non
1134 355 1209 421 satis

36 489 38 532 ἕ
94 535 98 541 =
143 519 145 524 ·
188 506 278 586 arcte
305 513 436 579 semper
467 488 642 553 cohaerere
667 486 817 571 videtur3
852 514 1089 580 nonnunquam
1111 495 1208 561 etiam

187 638 297 703 minus
329 636 415 702 clera
447 656 484 697 ac
518 631 690 719 perspicue
720 642 779 697 est.
809 632 812 644 '

208 777 409 864 Ejusdem
432 776 552 841 stoicae
570 773 757 893 disciplinae
777 772 1032 893 physiologiam,
1053 798 1151 863 quam
1173 780 1205 846 in

185 920 329 987 secundo
358 918 443 987 libro
472 917 513 982 de
539 919 668 984 Natura
700 916 850 982 Deorum
880 919 1110 1009 pertractavit,
1139 945 1203 987 non

184 1065 310 1131 sincera
328 1074 426 1149 atque
452 1062 593 1148 genuina
612 1058 720 1132 forma
740 1058 904 1141 exhibuit,
930 1060 987 1123 sed
1008 1083 1079 1127 non
1100 1066 1202 1129 solnm

183 1229 203 1270 e
224 1206 393 1271 variorum
420 1203 607 1269 Stoicorum
634 1168 759 1267 dehoc
780 1204 851 1267 loco
872 1203 1039 1269 sententiis
1064 1228 1201 1296 compo-

165 1350 265 1430 suit,
285 1370 406 1413 verum
427 1346 525 1412 etiam
543 1345 688 1411 Platonis
709 1344 847 1409 decretis
868 1348 1074 1433 temperavit.
1117 1350 1200 1418 Om-

180 1490 261 1556 nino
293 1492 357 1557 hoc
385 1487 491 1578 probe
523 1486 722 1594 tenendum,
754 1483 948 1554 Ciceronem
980 1489 1099 1555 stoicae
1137 1488 1199 1561 dis·

180 1633 319 1721 ciplinae
350 1630 571 1697 austeritatem
603 1636 700 1716 etque
731 1632 940 1697 severitatem
973 1653 1103 1720 semper
1133 1634 1198 1701 fere

177 1776 348 1864 platonicis
392 1774 558 1840 sententiis
597 1772 777 1865 mitigasse,
822 1780 918 1859 atque
959 1796 1002 1838 ex
1044 1776 1196 1863 utrisque,

179 1941 263 2004 quae
281 1976 285 1982 .
300 1918 445 1982 maxime
482 1915 544 1980 sibi
579 1915 773 1982 videbantur
807 1926 883 2002 apta
916 1915 959 1979 ad
991 1938 1064 1981 rem
1097 1942 1195 2001 suam,

178 2058 343 2125 delibasse.
394 2058 486 2125 Hinc
523 2056 682 2143 saepius,
704 2078 805 2143 quum
837 2058 999 2145 platonica
1039 2063 1195 2144 tractavit
1225 2072 1228 2122 t

1226 2160 1227 2210 l

177 2202 347 2268 admiscuit
367 2202 482 2282 stoica'3
500 2200 662 2289 platonica
691 2210 821 2283 contra,
847 2222 950 2287 quum
971 2225 989 2266 e
1010 2202 1191 2269 Stoicorum
1225 2238 1226 2296 p

178 2344 339 2409 sententia
359 2344 511 2430 disputat.
551 2342 646 2429 Quae
671 2364 774 2429 quum
794 2343 838 2407 ita
865 2342 950 2423 sint,
970 2346 1075 2409 cautio
1102 2346 1191 2411 adhi-
1224 2324 1225 2384 l

177 2475 283 2552 benda
319 2499 370 2554 est
405 2486 442 2551 in¹
479 2486 655 2566 Cicerone,
701 2508 744 2549 ne
779 2485 876 2571 hujus
912 2456 1103 2553 auctoritate
1143 2489 1191 2575 rel

173 2630 336 2715 platonica
370 2630 425 2695 vel
458 2630 556 2694 stoica
585 2626 780 2709 habeamus,
814 2650 896 2713 quae
926 2629 1028 2694 aliena
1053 2630 1189 2697 suntab

172 2772 311 2857 utraque
344 2771 455 2836 schola
474 2769 517 2857 ⁵).
558 2771 711 2837 Similiter
743 2770 778 2834 in
808 2770 919 2855 primo
948 2771 1031 2839 libro
1062 2772 1104 2837 de
1130 2774 1189 2838 Di-

172 2915 340 2979 vinatione
362 2890 508 3000 Quintus(
523 2914 643 2995 frater,
665 2913 808 2994 stoicus,
839 2914 967 2980 scholae
985 2937 1061 2979 suae
1083 2914 1123 2980 de
1141 2914 1187 2979 di-

116 3063 118 3066 ’
169 3056 335 3120 vinatione
364 3056 558 3136 sententiam
590 3055 782 3136 defendens,
820 3048 905 3121 haud
932 3078 1008 3123 raro
1030 3059 1184 3145 platonica

168 3210 360 3303 argumenta
387 3198 548 3265 adhibuit:
574 3200 748 3287 inquibus
770 3199 1021 3283 illudetiamu⁶)
1051 3199 1182 3264 habetur

100 3370 103 3384 =
167 3339 208 3404 ab
229 3342 472 3408 immortalitate
492 3344 679 3409 animorum
705 3343 864 3432 petitum,
893 3362 957 3428 quo
979 3342 1180 3429 potissimum

180 3599 212 3689 ὲ)
230 3573 420 3676 vettosheh.
435 3620 471 3672 ad
484 3621 647 3677 Cudworth.
664 3634 777 3690 system.
791 3616 930 3674 intellect.¹
939 3620 974 3673 T.
988 3620 1025 3673 11.
1039 3637 1066 3687 p.
1080 3624 1131 3681 248
1141 3632 1177 3686 sq·

176 3729 178 3739 ·
235 3724 293 3766 not.
309 3714 353 3779 (t).
379 3711 424 3764 Cf·
441 3713 550 3765 Franke
567 3714 586 3763 l.
605 3731 628 3766 c.
654 3732 681 3783 p.
696 3720 732 3775 66
749 3731 789 3782 sq.
960 3708 961 3711 ¹

178 3809 210 3879 6)
229 3812 323 3863 ltivin.
340 3812 362 3861 Ι.
379 3816 423 3867 51·
448 3813 485 3863 V.
510 3794 701 3868 Moshemium
726 3813 760 3865 ad
779 3810 943 3869 Cudworthi
966 3822 1083 3877 system.
1101 3808 1176 3863 intel-

231 3904 295 3955 lect.
320 3901 355 3953 T.
371 3901 407 3953 ll·
434 3917 461 3967 P·
481 3906 543 3963 248.
