2492 4259
656 99 712 183 54

91 299 103 335 '
178 304 222 370 In*
242 301 293 369 his
314 301 412 390 igitur
432 277 521 370 lihri's
537 298 655 399 Cicero
676 313 828 370 veterum
842 301 1128 412 philosophorum,
1150 290 1214 373 in-

178 441 358 530 primisque
377 441 529 531 Epicuri.
567 445 754 510 Stoicorum
774 459 808 512 et
825 428 1131 536 Peripateticorum·
1143 469 1216 510 ex-
1235 492 1238 509 t

88 529 92 544 i
181 581 281 648 cussit
308 593 404 669 atque
431 585 633 652 examinavit
662 587 846 665 sententias.
887 589 994 669 Primi,
1013 603 1046 656 et
1066 593 1217 658 secundi

180 721 256 788 libri
284 723 456 812 disputatio
486 725 522 791 in
543 724 692 792 Cumano
719 726 828 792 habita
859 739 915 793 est.
956 699 1153 818 Torquatus
1177 734 1237 798 in,

183 845 294 953 primo
314 865 396 932 libro
415 832 550 955 Epicuri
570 882 679 954 partes
699 868 834 956 suscipit
854 869 988 962 ejusque
1006 875 1215 943 sententiam

79 1051 81 1057 ι
172 963 340 1094 -exponin
367 1005 562 1072 insecundo
584 1007 667 1074 libro
689 1011 804 1076 Cicero
824 1011 894 1097 ipse
911 1012 951 1077 iu'·
969 1012 1107 1100 Epicuri
1129 1038 1216 1079 sen-

183 1141 480 1228 tentiarejicienda
500 1159 597 1235 atque
623 1151 660 1215 in
688 1152 757 1237 ejus
785 1151 970 1240 disciplinae
990 1150 1216 1219 inconstantia

188 1279 365 1372 detegenda
391 1299 551 1355 versatur.
929 1272 933 1277 ,

178 1445 181 1450 ·
202 1411 205 1416 ⁴
250 1423 364 1492 Tertio
387 1437 419 1490 et
441 1439 555 1513 quarto
573 1395 657 1494 libro
676 1433 763 1498 iuter
783 1433 944 1510 Catonem
966 1441 1000 1495 et
1013 1429 1216 1494 Ciceronem
1236 1522 1237 1525 Ἴ

190 1522 364 1647 disputatio
386 1565 538 1633 habetur:
565 1570 601 1635 in
619 1592 682 1657 qua
696 1571 823 1638 vCatoni
844 1572 973 1651 stoicas,
995 1569 1055 1634 sibi
1075 1548 1218 1657 peripa-

190 1697 302 1766 teticas
321 1717 431 1790 partes
451 1708 574 1788 tribuit.
615 1711 658 1776 In
672 1666 794 1797 'quarto
809 1708 902 1776 iibro
924 1712 1039 1776 Cicero
1060 1704 1218 1799 apprime

123 1852 130 1865 ⁶
193 1837 559 1940 demonstratumivit,
593 1849 763 1914 Zenonem
792 1849 881 1944 nihil·
901 1849 1066 1932 habuisse,
1103 1875 1168 1918 cur
1200 1879 1218 1918 a

192 1975 353 2063 Platonis,
381 1985 565 2053 Aristotelia
597 1986 778 2071 eorum‘que
804 1961 1036 2076 discipulorum
1063 1996 1219 2071 docmina

196 2114 386 2194 desciverit:
417 2125 542 2192 Stoicos
566 2124 676 2192 verbis
703 2127 827 2216 potius,
855 2141 888 2194 et
904 2107 1067 2211 sctibendi
1086 2159 1124 2202 ac
1143 2139 1220 2206 dis-

195 2255 324 2323 serendi
346 2262 489 2345 ratione,
511 2249 610 2353 quani
629 2287 666 2330 re
688 2267 797 2333 abhis
819 2236 1006 2356 dissentire,
1027 2276 1114 2341 etin
1136 2279 1219 2364 plu·

168 2417 170 2422 ’
196 2391 287 2462 ribus
309 2396 531 2490 philosophiae
559 2407 690 2472 moratis
710 2409 857 2494 partibus
885 2412 945 2479 sibi
966 2437 1034 2478 non
1055 2429 1238 2519 constare

105 2605 110 2616 ,
200 2513 400 2604 Accttratam
431 2543 570 2611 instituit
602 2547 689 2612 inter
714 2525 874 2638 stoicam
895 2565 935 2617 et·
969 2524 1238 2641 peripateticami

113 2705 115 2723 ι
200 2635 383 2743 doctrinam
410 2681 446 2745 in
467 2675 574 2768 tribus
592 2687 815 2775 philosophiae
834 2691 978 2776 partibus
998 2700 1222 2783 comparatio-

195 2837 290 2881 nem.
332 2809 457 2907 Quinto
487 2823 625 2910 denique
650 2827 733 2893 libro
761 2814 1037 2898 Academicorum
1064 2849 1222 2904 vetetum

199 2975 239 3019 ac
261 2957 550 3075 Peripateticorum
579 2962 761 3031 doctrinam
787 2960 924 3058 exponit
947 2974 1043 3058 Piso,
1073 2976 1118 3040 ita·
1144 2982 1224 3064 qni-

205 3091 299 3175 dem,
319 3109 372 3179 ut,
401 3121 472 3164 eam
493 3103 555 3189 ipsi
580 3103 728 3172 Ciceroni
754 3112 899 3176 maxime
922 3115 1093 3201 probatam
1112 3117 1225 3200 fuisse,

1043 3206 1062 3234 ..
1236 3225 1237 3228 ,

206 3231 299 3299 facile
321 3253 482 3326 appareat.
525 3244 679 3309 Ceterum
703 3268 872 3334 personae,
892 3277 973 3340 quae
997 3234 1029 3322 in
1052 3259 1116 3324 hoc
1138 3262 1224 3326 libro

88 3381 90 3390 '
150 3359 161 3448 'f
206 3375 449 3462 colloquuntur,
477 3394 553 3447 sunt
574 3383 651 3447 hae:
692 3386 741 3450 M
760 3389 847 3456 Tull.
869 3385 1001 3477 Cicero,
1029 3399 1098 3481 ejus
1120 3398 1226 3465 stater

208 3513 369 3600 Quintus,
400 3529 430 3582 et
458 3519 596 3602 Lucius,
626 3521 828 3609 Antiochus,
865 3533 1067 3623 Pomponius
1090 3539 1226 3605 Atticus

146 3657 153 3676 ‘
205 3667 241 3727 et
258 3655 331 3752 Piso
338 3705 347 3740 ,
368 3659 508 3726 Athenis
531 3660 651 3726 scilicet
679 3663 713 3730 in
734 3664 920 3736 Academia.
