2492 4259
561 23 572 70 q.

529 193 617 274 ew

20 383 23 393 ⁴
57 396 148 478 lrui,
184 398 296 466 statuit
325 397 458 463 Cicero:
490 385 577 483 qn'a'e'
601 394 732 464 felicitas
757 382 1089 501 duabusfere'eon-

18 541 20 616 ζ
62 541 190 606 tinetm
223 538 386 628 pertibus,
409 538 533 632 altera·
551 539 659 624 quiete
689 561 726 602 ae
747 539 906 604 vacuitate
931 545 1097 629 copidita-.

63 695 138 748 tum
166 693 211 748 et
226 681 528 769 perturbationum,
555 681 654 749 altera
678 669 950 770 contemplatione
977 667 1090 751 reium

65 825 273 938 caelestium,
302 845 384 954 quae
413 823 503 908 quasi
525 819 679 943 quulum
702 824 886 889 animorum
917 838 966 890 est
986 827 1091 908 6).-

66 928 211 1032 Socratis
239 965 398 1032 sententia
429 915 604 1052 probabilis
638 965 749 1030 haberi
779 959 892 1031 debet:
924 991 996 1048 eos,
1034 973 1090 1056 qui
1124 1019 1155 1042 .,

18 1139 19 1144 ¹
68 1109 169 1211 hae
159 1131 195 1176 ιιι
221 1109 290 1174 vita
320 1109 373 1196 pie
409 1119 558 1195 oesteque
586 1108 768 1195 (legissent,
798 1109 837 1174 ad
867 1109 944 1178 deos
975 1113 1093 1193 redire,
1166 1117 1171 1124 '
1204 1144 1220 1170 s

70 1273 251 1339 eorumque
282 1250 516 1316 consuetudine
541 1251 652 1326 beatos
684 1248 771 1315 iore:
803 1255 865 1336 qui
888 1275 969 1318 vero
1006 1256 1092 1321 vitiis
1145 1299 1147 1304 -

68 1394 261 1484 flagitiisque
297 1417 332 1460 se
362 1391 637 1480 inquinavissent,
674 1393 724 1459 lris
760 1393 893 1471 devium
927 1418 996 1480 esse
1030 1397 1094 1462 iter

18 1535 20 1544 ’
70 1539 233 1604 seclusum
259 1559 277 1602 e
305 1535 439 1603 concilio
467 1535 613 1602 deorum.
636 1570 680 1586 -
712 1539 806 1622 Quae
834 1560 853 1602 a
883 1535 977 1602 nobis
1001 1540 1094 1604 allata

72 1689 167 1760 sunt,
198 1698 411 1766 quamquam,
452 1679 646 1770 Ciceronem
688 1679 880 1761 sementiam
916 1678 957 1742 de
994 1647 1095 1750 animi

71 1796 316 1894 immortalitate
337 1819 538 1899 ¹firmissime
568 1815 727 1899 tenuisse,
760 1822 958 1914 lueuleuter.
976 1823 1095 1886 viden·
1186 1859 1191 1873 ·

18 2039 20 2044 .
72 1977 129 2029 tur
148 1976 426 2058 commonstrem:
440 1963 552 2053 negari
569 1976 677 2028 tamen
696 1985 763 2026 non
784 1973 908 2049 potest,
928 1965 1098 2049 complura

72 2107 114 2172 in·
142 2107 308 2176 Ciceronis
339 2107 472 2194 scriptis
493 2117 606 2170 extare
634 2107 719 2184 loca,
736 2151 739 2160 -
754 2107 789 2170 in
803 2078 805 2081 V
818 2101 933 2192 quibus
964 2103 1004 2166 de
1033 2104 1097 2168 hoo

18 2315 19 2318 ,
74 2261 268 2338 argumento
285 2247 469 2338 dubitanter
485 2249 639 2334 loquutus
657 2247 815 2329 videatur.
856 2247 947 2311 Hinc
964 2245 1101 2326 sactum,

75 2405 112 2457 nt
141 2393 340 2472 existerent,
366 2391 422 2478 qui
444 2393 624 2478 praeclaras
652 2391 718 2454 illas
743 2389 782 2452 de
815 2370 1000 2462 arrimorum
1022 2401 1098 2475 post

77 2535 226 2638 eorporis
259 2533 500 2600 dissolutionem
530 2529 746 2620 pe1petuitate
765 2508 959 2594 sententias
950 2553 981 2593 a
1002 2531 1099 2593 Cice-

18 2717 19 2720 =
77 2695 160 2742 lone
192 2677 307 2740 litteris
335 2667 500 2739 mandatas
537 2695 605 2742 non
637 2685 704 2736 tam
734 2673 859 2759 integra
879 2646 979 2774 ipsius
1005 2695 1100 2736 sense

80 2773 253 2899 exhibere,
272 2839 370 2904 quam
394 2819 501 2886 lusum
523 2815 715 2902 quendam'
707 2814 826 2902 ingenii
847 2825 880 2878 et
902 2813 1101 2898 eloquentiae

80 2963 178 3030 flores
196 2959 237 3046 6.)
268 2961 410 3027 Verum
432 2961 519 3040 loca,
552 2959 587 3024 in
616 2958 731 3044 quibus
765 2957 805 3020 de
832 2955 1016 3020 animorum
1037 2956 1103 3021 im·
1128 3033 1132 3040 Ι

81 3105 276 3171 mortalitate
317 3103 504 3168 addubitare
547 3099 679 3168 videtur
720 3100 853 3178 Cicero,
896 3098 924 3188 si
956 3063 1105 3162 acedrate

83 3230 315 3312 examinantur
347 3247 494 3331 interque
519 3267 559 3308 *se
581 3209 830 3328 comparantur,
859 3241 940 3309 nihil
967 3261 1104 3327 prorsus
1209 3256 1212 3265 ¹

84 3413 125 3470 ex
141 3391 182 3474 iis
202 3395 322 3487 'contra
335 3388 419 3452 hanc
437 3389 604 3452 Ciceronis
628 3385 823 3449 sententiam
842 3382 992 3448 concludi
1011 3394 1108 3467 atque

85 3531 179 3596 effiiei
211 3551 325 3618 posse,
353 3529 501 3595 facillime
538 3528 737 3615 intelligitur.
778 3527 874 3592 Ratio
904 3525 1109 3612 animatque
1155 3532 1165 3554 ⁸

106 3818 137 3884 5)
157 3819 242 3873 Tusc.
262 3814 324 3890 Ωιικ
345 3819 363 3870 l.
384 3835 407 3867 c.
433 3823 544 3878 17-20·
572 3812 717 3880 Wyttaub.
736 3816 823 3881 [πω.

111 3943 141 4010 6)
160 3943 203 4000 Cf·
222 3943 380 4000 iliiddletou
398 3945 459 3998 Life
477 3943 509 3996 oi
526 3942 623 3996 Cicero
648 3941 683 3999 T.
697 3940 731 3995 11.
751 3948 816 3993 sect.
830 3944 872 3998 122
896 3952 925 4004 p.
939 3934 1000 3996 351.
