2492 4259
658 186 740 265 176
776 304 779 311 ¹

187 357 311 453 habitae
347 388 448 453 finem
483 386 623 474 imponit
655 386 757 451 verba
778 384 819 471 8).
871 362 989 476 ίἨειεο
1012 386 1082 451 fere
1103 364 1200 451 dicere

119 532 127 551 '
185 532 284 596 habui
312 531 353 594 (le
376 542 491 598 natura
523 530 678 608 deorum,
701 552 770 593 non
802 540 840 593 ut
865 552 936 595 eam
961 533 1129 608 tollerem,
1152 528 1197 591 sed

184 687 219 782 ut
239 624 481 762 intelligeretisp
504 694 600 758 quam
623 686 707 737 esset
727 670 864 737 obscura
886 685 918 737 et
940 694 1038 758 quam
1061 662 1196 737 difficiles

184 820 365 906 explicatus
384 814 547 881 haberet?
585 816 632 909 Et
658 837 759 904 quum
781 814 925 879 Lucilius
946 815 1094 891 Cottam,
1116 810 1194 899 quod

182 926 408 1026 vehementius
430 961 580 1025 invectus
611 972 694 1023 esset
722 958 757 1022 iu
792 979 863 1021 eam
891 958 1077 1025 Stoicorum
1100 957 1194 1021 ratio-

179 1066 275 1182 ¹nerii,
298 1126 380 1189 quae
409 1102 450 1167 de
468 1078 676 1190 providentia
699 1100 835 1165 deorum
855 1099 895 1164 ab
919 1100 978 1164 illis
999 1100 1192 1164 sanctissime

180 1258 218 1311 et·
233 1246 520 1339 providentissime
537 1246 710 1311 constituta
729 1244 787 1323 sit,
807 1210 1040 1330 vitupeiasset,
1059 1264 1192 1330 respon-

180 1387 227 1454 dit
252 1390 282 1453 ei
303 1389 418 1454 Cotta:
444 1390 542 1477 “Ego
565 1410 647 1453 vero
677 1399 710 1453 et
730 1397 809 1474 opto
827 1384 979 1473 redargui
999 1406 1071 1467 me,
1092 1385 1193 1465 Balbe,

22 1537 23 1550 ¹
85 1573 89 1593 ι
137 1516 142 1549 ⁷
180 1542 213 1595 et
235 1552 273 1595 ea
295 1553 376 1617 quae
397 1509 561 1619 disputavi
589 1530 747 1594 disserere
773 1528 889 1611 malui,
919 1550 1016 1617 quam
1044 1528 1191 1614 judicare,

180 1685 215 1738 et
238 1672 330 1739 tacite
359 1697 414 1739 me
445 1696 464 1739 a
490 1685 525 1739 te
550 1674 640 1749 vinci
674 1694 769 1761 posse
799 1684 889 1736 certo
924 1672 988 1735 scio
1007 1670 1069 1755 ⁹).''
1119 1673 1189 1737 Hoc

177 1816 270 1883 facile
300 1818 387 1883 vitio.
413 1818 501 1883 verti
532 1818 636 1906 possit
664 1814 837 1895 Ciceroni,
874 1812 959 1901 quod
988 1814 1118 1879 Cottam
1147 1816 1187 1883 ita
1221 1870 1222 1875 ,

176 1953 396 2042 disputantem
418 1953 600 2034 induxerit,
623 1968 660 2020 ut
683 1976 796 2019 omnes
820 1953 991 2017 sententias
1005 1953 1187 2048 (impugna-

175 2110 229 2163 ret
275 2110 370 2184 atque
394 2081 628 2179 subverteret,
660 2119 764 2183 neque
798 2110 909 2162 tamen
936 2096 1031 2161 aliam
1060 2096 1100 2159 de
1126 2096 1183 2160 hoc

173 2253 367 2329 argumento
396 2252 535 2327 poneret
563 2240 768 2305 sententiam.
799 2238 882 2304 ‹Sed
919 2186 1101 2305 notandum
1131 2250 1185 2319 est,

188 2448 502 2518 &Nnfflcae

189 2548 222 2616 9)
240 2550 275 2603 N.
292 2548 328 2601 D.
352 2549 402 2601 ΠΙ.
418 2554 463 2609 40.
491 2548 563 2603 Cum
589 2550 635 2604 his
663 2549 754 2603 verbis
782 2550 989 2605 contendendus
1014 2568 1046 2603 ac
1074 2568 1180 2619 compa-

241 2649 344 2700 randus
369 2658 413 2701 est
434 2648 534 2702 Cicero
562 2650 657 2703 Diviu·
678 2640 700 2702 12
721 2658 747 2710 5.
779 2650 902 2718 Perlegi,
926 2654 1019 2719 iuquit
1043 2649 1180 2703 Ciceronis

238 2744 341 2811 frater,
363 2764 513 2815 germanus
538 2748 668 2814 Stoicus,
691 2763 773 2802 tuum
799 2750 894 2817 paullo
921 2761 983 2801 unte
1009 2756 1122 2803 tertium
1147 2749 1178 2801 de

237 2846 272 2899 N.
290 2846 343 2899 D.:
370 2849 402 2898 iu
426 2864 495 2914 quo·
516 2847 667 2915 disputatio
692 2848 787 2902 Cottae
819 2864 985 2915 quamquam
1009 2847 1180 2901 labefactavit

237 2948 402 2998 senteutiam
421 2945 527 3009 meum
552 2964 612 3001 uon
638 2946 764 2999 funditus
790 2958 883 2999 tamen
901 2946 1024 3001 sustulit·
1069 2946 1177 3017 Optime

236 3060 319 3109 vero,
343 3044 494 3124 respondet
519 3044 633 3109 Cicero;
658 3050 761 3099 etenim
785 3048 845 3114 ipse
868 3045 951 3099 Cotta
972 3051 1021 3117 ⁸sic
1051 3046 1177 3117 disputat,

235 3154 268 3193 ut
291 3142 450 3197 Stoicorum
474 3150 564 3215 magis
589 3156 751 3215 argumenta
769 3144 910 3211 confutet,
927 3162 1011 3213 quam
1035 3144 1176 3198 hominum

160 3249 164 3257 ¹
234 3238 325 3291 deleat
351 3243 525 3312 religionem.
561 3246 636 3298 Tum
663 3240 804 3313 Quintus:
834 3244 945 3297 Dicitur
968 3244 1083 3312 quidem
1101 3248 1176 3305 istuc,

232 3341 339 3406 iuquit,
356 3358 372 3392 a
390 3341 485 3408 Cena,
501 3355 530 3397 et
547 3361 613 3397 vero
631 3346 756 3412 saepius:
775 3342 873 3409 credo,
891 3359 926 3394 ne
944 3347 1105 3395 communia
1122 3345 1176 3409 jura

231 3431 352 3505 migrare
380 3441 521 3507 videatur3
553 3443 602 3497 sed
637 3442 729 3496 studio
743 3494 745 3501 ,
758 3452 854 3501 contra
882 3438 992 3495 Stoicos
1025 3441 1176 3496 disserendi

165 3543 167 3554 '
232 3536 300 3590 deos
326 3531 399 3591 mihi
426 3540 536 3595 videtur
566 3542 694 3596 funditus
720 3542 829 3594 tollere.
873 3542 940 3609 Ejus
971 3546 1095 3595 orationi
1123 3556 1175 3593 nou

230 3652 296 3688 sane
320 3636 464 3706 desidero,
490 3619 566 3709 quid„
587 3642 786 3711 respondeam:
815 3643 881 3720 satis
905 3642 982 3691 enim
998 3638 1115 3704 defensa
1133 3655 1174 3690 re-

227 3736 299 3807 ligio
324 3749 365 3790 est
388 3742 419 3790 iu
443 3740 471 3791 ΙΙ
485 3738 560 3792 libro
578 3758 594 3793 a
612 3741 736 3802 Lucili03
762 3741 841 3807 cujus
867 3739 1017 3807 disputatio
1043 3738 1176 3807 tibiipsi,

228 3820 263 3885 nt'
289 3839 320 3909 in
354 3847 480 3894 extremo
516 3843 600 3895 tertio
638 3838 751 3907 scribis,
783 3838 817 3895 ad
852 3842 996 3901 veritatem
1036 3852 1078 3895 est
1118 3843 1173 3892 visa

227 3933 403 3998 propensior.
