2492 4259
993 642 1039 673 t.

370 664 550 760 Plus
620 702 909 793 putens

64 841 140 907 “’
293 854 996 960 nurnrstou

240 1036 244 1052 ,
621 1092 657 1194 Ἰ.
734 1114 739 1119 .

204 1234 408 1303 Gravissima
436 1234 555 1301 veteris
583 1234 808 1323 philosophiae
834 1257 910 1322 pars
937 1244 986 1298 est
1002 1272 1005 1275 -
1020 1206 1157 1322 physio-
1218 1217 1219 1259 l

139 1383 240 1471 logia,
258 1401 339 1465 quae
353 1377 613 1465 pulcherrimum
630 1376 670 1441 de
688 1376 798 1443 diviua
815 1376 1021 1462 humanaque
1035 1387 1159 1455 natura,

144 1524 184 1588 de
212 1520 353 1606 mundo,
382 1519 422 1584 de
453 1519 639 1585 animorum
668 1520 909 1585 immortalitate
938 1518 1162 1608 complectitur
1221 1550 1222 1579 t

144 1674 385 1752 argumentum.
445 1662 595 1750 Deque
633 1662 765 1750 quidem
806 1618 1049 1751 philosophiae!
1069 1674 1162 1749 parte
1222 1663 1223 1701 l

147 1830 246 1896 quam
287 1805 407 1873 animo
432 1817 608 1893 menteque
642 1829 700 1873 sua
738 1806 853 1872 Cicero
893 1804 1163 1891 comprehensam
1223 1772 1224 1809 r

146 1952 297 2025 habuerit
336 1947 545 2027 sententiam,
584 1947 650 2013 hoc
684 1948 863 2035 diligentius
899 1946 1029 2012 videtur
1069 1959 1165 2034 atque

109 2126 112 2133 ·
150 2091 291 2159 curatius
312 2057 562 2176 inquirendump
580 2090 667 2178 quod
689 2092 813 2157 mirum
830 2112 928 2178 quam
945 2091 1055 2155 variae
1071 2101 1168 2177 atque
1226 2107 1227 2163 t

153 2234 301 2301 diversae
332 2243 364 2296 et
389 2245 618 2322 praeposterae
641 2233 681 2299 de
712 2234 872 2299 Cicerone
902 2234 939 2299 in
966 2233 1030 2298 hoc
1057 2232 1170 2321 philo-

154 2377 287 2473 sophiae
307 2345 385 2441 loco
409 2398 428 2441 a
454 2376 641 2442 recentioris
667 2378 739 2442 aevi
760 2377 972 2463 scriptoribus
993 2378 1074 2441 latae
1093 2390 1172 2445 sunt

153 2518 389 2602 sententia01).
443 2518 506 2582 Sed
545 2519 719 2605 antequam
753 2518 847 2584 nobis
884 2502 1050 2607 exponere
1087 2520 1173 2600 licet,

156 2659 373 2756 quiduCicero
401 2660 537 2725 senserit
557 2661 598 2725 (le
617 2658 682 2724 hoc
702 2652 910 2749 argumento,
929 2683 1032 2749 pauca
1053 2662 1174 2729 viden-

74 2809 80 2819 ‘
159 2814 216 2868 tur
236 2825 306 2867 esse
330 2801 586 2889 praemonenda:
609 2803 724 2889 quibus
751 2804 922 2892 neglectis,
944 2806 1030 2870 nulla
1051 2800 1173 2873 stabilis

159 2955 256 3030 atque
276 2955 362 3008 certa
391 2907 541 3008 constitui
565 2958 675 3031 potest
700 2946 867 3013 sententia.
908 2947 1058 3013 Primum
1084 2950 1176 3015 enim

158 3084 264 3173 probe
295 3085 492 3168 tenendum,
521 3110 717 3173 quamquam
746 3093 848 3157 multa
876 3087 917 3153 de
944 3084 1006 3153 hac
1027 3088 1177 3177 philoso-

158 3226 255 3315 phiae
275 3238 369 3331 parte
400 3252 419 3293 a
451 3228 609 3296 Cicerone
637 3196 820 3319 conscripta
843 3243 939 3314 sunt,
965 3254 1041 3297 eum
1064 3243 1179 3298 tamen

119 3386 123 3398 ·
162 3389 232 3434 non
249 3367 427 3455 perfectam
446 3362 607 3458 quandam
626 3373 810 3461 disciplinae
829 3386 934 3441 artem
946 3377 1179 3465 composuisse.

162 3511 254 3581 Tum
275 3533 357 3579 vero
377 3534 438 3576 nec
457 3511 521 3578 hoc
541 3503 867 3602 praetermittendum
887 3529 952 3599 est,
973 3518 1179 3602 Ciceronem,

179 3793 212 3865 1)
229 3770 273 3851 Cl.
290 3798 435 3854 Reimanua
457 3798 557 3856 histor.
581 3803 715 3881 atheum
734 3822 759 3861 c.
770 3808 816 3865 38.
839 3804 858 3873 l.
872 3807 899 3865 5.
928 3800 1015 3869 Plura
1038 3805 1121 3857 etiam
1147 3806 1179 3857 in

230 3894 303 3951 hauc
318 3914 378 3951 rem
396 3901 490 3956 attolit
506 3902 666 3959 Kreuzerus
685 3905 719 3961 atl
737 3906 794 3961 Cic·
812 3904 845 3963 N·
864 3904 899 3961 D.
917 3904 966 3959 Ill·
983 3906 1028 3964 40·
1089 3924 1092 3932 ’
