2492 4259
444 113 588 235 [11

53 314 104 389 lit,
144 323 182 375 ut
203 310 310 396 ¹iegati
346 308 482 385 domum
517 309 784 394 remitterentur,
820 318 957 399 juvenes
993 279 1097 385 uero.
1188 357 1190 360 ·

53 451 182 515 romani
207 450 386 540 advpatrias
416 451 500 535 leges
530 424 757 537 majorumque
793 456 939 541 instituta
959 460 1073 538 obser.

53 592 162 656 vanda
191 592 346 657 redirent
389 589 512 653 Deerat
499 599 570 652 tum
601 588 699 675 igitur
736 604 783 657 est
816 616 835 657 a
869 611 1030 689 senatu,
1033 626 1074 666 ne

53 734 238 818 quisquam
256 728 448 847 graecorum
476 724 749 813 philosophorum
777 733 903 799 Romae
933 740 1072 824 amplius

9 942 10 945 Ἴ
54 844 325 960 commoraruetui
368 869 429 935 Sed
467 890 665 955 quamquam
693 870 858 940 triumviri
882 878 927 945 illi
949 879 1076 947 dimissi

56 1022 168 1091 erant,
183 1026 217 1077 et
237 1010 446 1097 quantumvis
460 1008 519 1073 Cat
507 1008 590 1075 tonis
607 993 808 1095 aliorumque
828 1037 945 1082 senum
966 1034 1075 1098 auste-

55 1152 133 1217 ritas
156 1154 339 1219 litterarum
359 1156 486 1233 lumen,
510 1148 597 1239 quod
621 1149 751 1218 illorum
772 1149 922 1253 ineundia
942 1161 1074 1247 sapien-

56 1291 164 1377 tiaque
192 1312 366 1366 accensum
394 1305 478 1374 erat,
515 1292 738 1378 exstinguere,
767 1302 801 1356 et
825 1292 985 1373 juvenum
1013 1297 1076 1363 ssa-

59 1444 208 1517 grantem
238 1407 386 1520 graecam
415 1435 597 1499 doctrinam
624 1431 824 1519 percipiendi
851 1428 997 1503 amorem
1019 1462 1076 1503 re-

59 1574 203 1657 primere
224 1573 425 1663 satagebant:
454 1586 562 1639 tamen
593 1574 716 1637 semina
742 1572 778 1636 iu
803 1591 917 1638 eorum
939 1576 1076 1664 ingeniis

60 1712 203 1801 dispersa
222 1728 332 1796 erant,
358 1713 596 1801 quae'posth'ae
617 1713 746 1801 egregie
767 1711 991 1797 effloruerunt.

530 2002 606 2067 ΙΙΙ.

124 2142 256 2209 Verum
269 2124 365 2209 ¹enim
388 2164 468 2207 vero
492 2142 709 2230 Carthagine,
736 2142 933 2222 Numantia,
958 2141 1079 2207 Corin-

61 2281 137 2363 th0,
158 2280 393 2378 flprentissimis
414 2280 558 2363 urbibus,
577 2282 700 2347 eversis
723 2291 819 2368 atque
841 2274 960 2358 deletis,
980 2282 1078 2347 Asiae

63 2419 201 2485 minorit
224 2396 367 2485 maxima
403 2433 496 2507 parte
526 2423 561 2488 in
587 2425 814 2490 Romanorum
841 2422 996 2486 ditionem
1024 2447 1079 2486 re-

64 2560 172 2639 dacta,
204 2582 305 2647 regno
328 2564 534 2631 macedonico
563 2587 639 2629 cum
659 2566 758 2629 Perse
787 2563 912 2641 diruto,
943 2560 1080 2625 Graecia

62 2700 149 2785 ipsa,
169 2688 318 2765 omnium
336 2700 556 2767 doctrinarum
570 2675 761 2788 ,artiumque
781 2700 981 2765 laudatarum
996 2724 1078 2789 pro-

65 2839 218 2903 creatrice
247 2852 280 2904 et
308 2841 397 2926 quasi
429 2856 580 2929 parente,
616 2815 741 2909 devicta
768 2854 801 2905 et
832 2840 868 2906 in
891 2841 1079 2927 provinciae
1146 2844 1151 2852 ‘

65 2978 207 3045 formam
228 2979 357 3047 redacta
377 2982 428 3064 ⁷),
456 2982 597 3049 Romani
619 2983 659 3047 ab
688 2985 780 3050 omni
796 2974 996 3056 ,exterorum
1016 2981 1081 3045 ho-

66 3121 169 3219 stium
187 3132 278 3185 metu
297 3119 390 3185 liberi
411 3116 507 3206 atque
534 3122 629 3185 vacui
657 3135 764 3187 erant:
794 3121 973 3185 immensae
993 3120 1080 3197 divi7

65 3264 129 3329 tiae
150 3275 183 3329 et
203 3266 281 3351 opes
293 3285 345 3337 ,ex
368 3264 461 3327 terris
482 3264 677 3361 expugnatis
698 3264 822 3328 Romae
844 3260 1080 3341 confluxerant

65 3416 98 3469 et
125 3370 203 3469 una¹
220 3425 295 3467 cum
314 3402 359 3473 ,iis
389 3402 517 3467 luxuria
545 3424 581 3465 ac
614 3400 852 3489 magnificentia
880 3405 1081 3491 ingruerant.
1115 3415 1128 3482 ᾗ

65 3543 225 3609 Pristinae
243 3544 470 3609 Romanorum
489 3544 642 3626 virtutes,
665 3546 781 3632 pietaS,
807 3542 904 3626 fides,
929 3554 1082 3608 constan-

84 3837 116 3906 7)
134 3840 170 3893 v.
190 3834 362 3892 Tieaemann
382 3833 455 3889 aem
474 3832 520 3885 aer
537 3830 670 3901 aper-uzu.
687 3830 760 3887 rur.
786 3832 878 3887 nni.
897 3810 1046 3917 'asma
