2492 4259
639 132 762 244 10·

153 341 254 408 esset,
281 329 321 394 ad
342 349 517 394 romanum
540 339 689 393 senatum
718 317 880 394 miserunt
902 339 968 392 tres
990 329 1059 396 illos
1080 329 1171 416 lega-

151 481 219 549 tos,
241 469 419 534 admirabili
445 467 646 552 eloquentiae
667 482 710 537 et
727 470 901 557 sapientiae
916 467 1014 546 ,laude
1045 467 1170 535 floren-

151 623 218 690 tes,
243 611 313 697 qui,
335 611 384 676 uti
407 608 511 673 multa
532 589 770 692 remitteretur,
787 584 1013 697 impetrarent.
1053 607 1168 696 Legati

151 772 219 814 non
259 749 365 814 solum
399 746 447 827 id,
485 749 575 831 cujus
605 773 721 836 caussa,
745 733 838 816 missi
864 761 971 830 eraut,
1003 747 1170 812 consecuti

149 883 243 964 sunt,
270 907 389 950 verum
410 887 509 952 etiam
538 891 666 977 egregia
701 889 829 956 dicendi
848 889 1009 966 ,facultate
1041 866 1167 951 doctri-

148 1048 272 1111 naeque
306 1027 404 1114 ,copia
437 1043 533 1118 atque
558 1001 715 1098 vubertate
749 1030 867 1097 miram
908 1027 1070 1115 quandam
1104 1023 1168 1090 sibi

64 1166 91 1254 '‚
148 1178 423 1253 comparaverunt
451 1173 613 1258 gloriam,
632 1173 669 1237 iu
692 1173 919 1238 Romanorum
939 1189 1021 1234 vero
1047 1167 1167 1232 animis

146 1325 333 1390 graecarum
363 1305 586 1376 doctrinarum
608 1313 845 1400 sapientiaeque
867 1332 1014 1378 amorem
1038 1305 1167 1372 excita-

143 1456 274 1508 verunt.
317 1445 449 1514 Etenim
471 1474 530 1538 per
554 1453 634 1518 illud
656 1464 805 1541 tempus,
825 1472 889 1556 quq
920 1452 1044 1519 Romae
1060 1467 1165 1510 com-

72 1659 74 1671 .
143 1581 368 1666 morabantur,
389 1599 421 1652 et
440 1590 477 1654 in
497 1603 611 1670 senatu
633 1615 780 1660 caussam
797 1557 890 1656 suam
913 1587 1163 1678 exquisitissima

43 1695 52 1723 ⁵
143 1721 291 1786 dicebant
314 1725 512 1810 eloquentia,
533 1741 566 1794 et
586 1731 741 1818 privatim
761 1755 822 1819 per
840 1727 1047 1796 celeberrima
1068 1724 1160 1790 urbis

140 1865 211 1928 loca
255 1886 374 1950 magno
407 1866 579 1934 hominum
618 1882 785 1936 conventu
821 1871 1028 1937 disserebant
1078 1863 1160 1932 Fuit

140 2006 289 2072 facundia
313 2006 514 2084 Carneades,
546 2005 778 2093 Academicus,
808 2011 948 2077 violenta
980 1999 1016 2074 et'
1034 1979 1158 2092 rapida,

141 2147 220 2211 scita
251 2158 284 2211 et
314 2145 409 2211 tereti
442 2147 622 2230 Critolaus,
664 2151 912 2238 Peripateticus,
941 2145 1088 2213 modesta
1122 2153 1158 2207 et

115 2333 118 2340 .
139 2287 247 2352 sobria
268 2289 451 2380 Diogenes,
478 2291 613 2358 Stoicus.
654 2291 820 2379 Apprime
843 2287 1009 2376 splendida
1038 2282 1155 2349 acadea

138 2427 215 2491 mici
237 2427 424 2516 philosophi
444 2431 625 2517 eloquentia
644 2454 682 2524 ac
706 2431 882 2496 disserendi
903 2430 954 2494 vis
973 2437 1096 2492 tantam
1116 2424 1154 2489 in

136 2570 383 2656 generosiorum
427 2569 667 2638 adolescentum
707 2573 833 2638 animos
868 2563 1038 2636 exseiebat
1069 2569 1151 2647 vim,

136 2720 187 2785 ut,
217 2711 335 2776 relictis
359 2710 509 2776 omnibus
534 2711 649 2792 rebus,
669 2719 782 2775 totum'
798 2709 884 2776 diem
904 2709 939 2772 in
960 2705 1152 2772 addiscenda

134 2814 338 2935 philosophia
366 2862 398 2914 et
417 2840 593 2938 eloquentia
615 2851 701 2938 apud
721 2873 797 2915 eum
821 2858 1074 2916 consumerent..-
1098 2845 1151 2910 At

135 2987 303 3052 enimvero
336 2969 470 3056 Marcus
492 2993 627 3058 Porcius
655 2990 753 3071 Cato,
787 3011 920 3054 severus
951 2988 1004 3053 ille
1035 2996 1149 3065 senex,

131 3130 287 3216 pristinae
307 3133 534 3200 Romanorum
562 3109 748 3219 disciplinae
770 3129 1147 3224 innut1·itus,-metuens,

67 3353 72 3370 ,
130 3289 174 3362 ne
193 3267 351 3350 'juventus
382 3271 545 3370 flagranti
564 3273 618 3338 illo
634 3273 825 3364 ‘litterarum
847 3272 962 3336 ardore
984 3295 1002 3335 a
1023 3271 1145 3336 veteris

83 3389 87 3406 ’
130 3405 315 3493 disciplinae
342 3413 528 3494 severitate,
554 3437 652 3499 qnam
672 3415 818 3480 militaris
844 3410 1036 3498 reipublicae
1062 3432 1145 3472 con·

130 3546 209 3611 ditio
240 3553 419 3618 necessario
447 3551 623 3638 flagitaret,
653 3529 903 3642 degenerarent,
933 3521 981 3632 ct,
1009 3573 1142 3638 graeca-

128 3685 200 3750 nica
238 3688 348 3755 infecti
393 3689 554 3770 doctrina,
590 3674 846 3779 ingenii‘magis
886 3695 1001 3775 cultui,
1041 3657 1164 3780 quamae

129 3828 267 3922 strenuis
295 3826 383 3892 sactis
409 3849 541 3915 operam
567 3830 699 3916 darent,
723 3857 793 3899 rem
815 3835 852 3902 ad
867 3818 1021 3900 ‘senatum
1043 3834 1140 3898 detn-
