2492 4259
56 359 144 446 phiec
170 321 429 424 monumenium
456 357 654 444 reliquisset,
684 377 759 420 enm
780 357 857 422 hnic
879 358 984 422 studio
1004 360 1072 424 im·
1110 446 1112 451 Ι

55 519 149 585 pense
172 497 317 568 deditum
338 469 500 577 fnisse‚⁰et
523 494 650 560 dicendi
672 494 855 562 facultatem
881 523 923 564 ex
947 499 1068 565 intimis

52 639 224 727 sapientiae
261 633 406 710 fontibus
440 605 587 716 duriisse,
626 637 807 702 luculenter
848 635 1069 702 testificaren—
1125 703 1129 710 ,

50 793 99 844 tur
119 781 165 860 ⁹).
215 777 292 864 Ipse
320 773 458 840 subinde
496 771 692 858 profitetur,
725 797 760 838 se
791 773 911 839 idcirco
943 798 1071 862 quoqne

50 901 271 1008 philosophiae
302 935 454 1006 navasse,
487 913 572 997 quod
607 937 649 978 ex
681 938 717 977 ea
752 938 830 979 vera
857 917 983 984 dicendi
1016 940 1069 982 ars

49 1059 193 1124 ducenda
224 1069 308 1122 esset
329 1055 371 1140 ¹).
416 1055 506 1118 'an
538 1075 620 1118 vero
652 1054 832 1121 academica
863 1060 1067 1148 philosophia

50 1222 121 1262 eum
142 1198 291 1285 impulit,
315 1205 353 1260 ut
379 1215 493 1258 ornnes
512 1191 693 1280 disciplinas
715 1199 950 1286 pervestigaret
971 1212 1068 1290 atque

50 1350 305 1426 perscrutaretur
322 1335 367 1418 ²).

519 1617 589 1684 IV.

111 1770 187 1834 lam
207 1787 266 1852 age
292 1781 466 1849 pergamus
497 1759 536 1824 ad
564 1759 726 1844 reliquum
752 1761 918 1826 Ciceronis
938 1765 1064 1830 studio-

50 1932 124 1973 rum
145 1925 279 1970 cursum
306 1899 578 1988 persequendum.
620 1900 701 1965 Post
722 1901 800 1964 illud
824 1913 971 1988 ternpus,
997 1925 1062 1990 quo

48 2048 139 2112 Philo
160 2045 300 2111 Romam
329 2052 481 2120 venerat,
503 2039 779 2104 triennium'fere
809 2040 872 2105 suit
890 2040 968 2106 urbs
992 2043 1063 2108 sine

49 2186 155 2250 armis.
196 2183 273 2248 Hoc
298 2191 449 2268 tempore
468 2182 559 2246 omni
574 2193 697 2262 ¹noctes
719 2193 752 2245 et
773 2181 893 2246 diesin
914 2181 1063 2244 omnium

50 2324 271 2387 doctrinarum
307 2323 514 2388 meditatione
546 2325 737 2390 versabatur
755 2325 798 2406 ³).
847 2321 903 2387 Ad
930 2323 1065 2404 stoicanr

47 2463 284 2551 philosophiam
317 2464 562 2550 perdiscendam
584 2439 719 2551 operam
742 2464 829 2529 dedit
850 2463 957 2528 Stoico
977 2462 1064 2526 Dio-

48 2605 140 2686 doto,
167 2605 224 2690 qui
246 2627 347 2690 quum
367 2605 576 2673 habitavisset
601 2605 688 2694 apud
715 2605 906 2670 Ciceronem
928 2613 962 2665 et
987 2623 1063 2665 cum
1146 2663 1153 2672 .

47 2769 81 2810 eo
103 2747 260 2844 pixisset,
288 2747 356 2832 ejus
385 2746 474 2812 domi
501 2760 651 2812 mortuus
674 2757 724 2809 est
742 2746 786 2827 ⁴).
829 2741 864 2808 A
891 2763 955 2830 quo
984 2765 1061 2806 cum
1096 2742 1100 2750 ’
1127 2805 1130 2819 ,

12 2939 14 2952 .
47 2888 78 2950 in
98 2887 168 2953 aliis
193 2887 309 2980 rebus,
328 2900 401 2952 tum
422 2887 654 2953 studiosissime
681 2887 717 2953 in
742 2882 904 2952 dialectica
925 2902 1062 2954 exerces

49 3085 494 3106 -qa-—h———u———u-—u--n
504 3099 505 3103 ,

63 3215 91 3282 s)
110 3216 153 3270 cr.
172 3217 372 3285 crystallina.
397 3219 469 3307 naar.
488 3217 556 3274 eat.
580 3221 647 3274 nor.
663 3222 691 3273 L
710 3220 730 3273 1.
744 3236 770 3272 ο.
787 3237 815 3288 p.
827 3226 856 3306 ⁷:
928 3181 933 3194 ⁴

63 3333 91 3400 1)
108 3333 209 3386 Parad.
227 3351 350 3401 prooem.
370 3335 413 3391 Cl.
428 3333 543 3394 omer,
559 3344 584 3395 1·
603 3337 689 3390 Tusc-
705 3337 785 3406 Disp.
802 3339 823 3390 1.
837 3353 861 3392 c.
879 3332 958 3390 Orat.
976 3351 1000 3386 e.
1009 3335 1061 3389 1v.

114 3433 158 3494 cl.
177 3433 295 3488 subinde
320 3435 408 3488 lih'ros
428 3436 462 3488 de
479 3433 608 3492 Oratore.
923 3418 930 3443 i

62 3551 90 3620 2)
108 3551 153 3605 Cl.
171 3551 206 3608 N.
225 3553 260 3606 D·
280 3557 306 3620 Ι,
324 3562 350 3614 5.
368 3553 514 3620 Wyttenb.
531 3551 605 3605 Bibl.
623 3552 693 3606 Crit·
711 3550 781 3606 Vol.
796 3556 817 3607 1.
835 3555 855 3608 1.
871 3572 894 3637 e.
923 3569 951 3622 p.
964 3559 991 3615 5,

63 3670 91 3738 3)
109 3671 169 3722 Cic.
188 3667 266 3722 Brut·
284 3689 307 3724 c.
324 3681 368 3734 90.
391 3669 510 3742 Quintil.
528 3674 596 3728 Inst·
621 3691 662 3724 or·
678 3675 698 3726 l.
716 3679 742 3731 2.
767 3674 816 3726 111.
834 3683 859 3732 1.

65 3787 93 3854 d)
111 3787 191 3842 Brut.
220 3795 302 3849 ooo.
328 3791 493 3851 mend-36.
530 3788 610 3870 Adde
642 3787 788 3842 Davisium
813 3772 848 3844 ad
875 3792 957 3843 Tuae.
982 3787 1062 3856 nup.
1098 3812 1101 3821 ¹

117 3889 154 3938 V.
173 3893 216 3946 39.
237 3887 280 3941 Cl'·
299 3887 356 3944 Cic.
376 3887 410 3942 ad
434 3885 607 3943 Dianlll·
627 3903 678 3958 epe
685 3893 728 3950 16.
