2492 4259
604 194 686 275 146

142 429 185 473 ne
217 356 393 490 disputatio.
417 398 514 464 nimis
543 398 632 461 lente
661 367 872 483 procederet,
898 398 1044 508 longiore
1067 410 1163 484 atque

145 545 337 609 cohaerente
366 558 444 602 usus
476 546 525 599 est
553 535 716 617 oratione,
750 557 832 623 quae
864 534 997 602 Graecis
1034 537 1164 603 diceba-

119 694 201 747 m
221 674 329 808 {5703
376 676 468 741 Plato
494 694 594 737 omne
620 674 794 799 judicium
798 674 944 739 veritatis
972 674 1166 741 veritatem-

146 842 209 905 que
242 820 347 904 ipsam
352 790 550 881 abductam
587 813 627 877 ab
660 813 866 901 opinionibus
897 830 929 881 et
955 840 974 881 a
1009 819 1167 900 sensibus,

148 958 348 1046 cogitationis
377 957 477 1045 ipsius
510 967 545 1020 et
574 954 695 1019 mentis
724 976 793 1019 esse
821 941 941 1026 ¹voluit·
983 954 1072 1043 quod
1100 960 1168 1023 sola

148 1120 241 1161 mens
263 1108 413 1160 cerneret
431 1095 484 1175 id,‘
509 1093 595 1181 quod
626 1106 709 1175 esset
736 1095 877 1183 simplex
899 1105 932 1160 et
958 1096 1167 1162 uniusmodi

149 1248 183 1301 et
202 1235 265 1300 tale
288 1235 380 1321 quale
404 1246 496 1299 esset.
537 1234 630 1299 Haec
649 1242 698 1296 est
722 1230 809 1313 idea,
830 1254 929 1320 quam
950 1207 1066 1299 Cicero
1087 1258 1169 1301 ver-

150 1378 191 1443 tit
218 1374 368 1462 speciem.
422 1373 518 1439 Ratio
552 1373 642 1437 enim
674 1372 816 1437 humana
847 1376 959 1455 (rode,
993 1365 1123 1470 λόγος),
1151 1399 1170 1439 e
1231 1416 1232 1419 =

148 1513 291 1581 Platonis
312 1512 483 1593 sententia,
500 1504 601 1578 liabet
621 1512 698 1577 tales
719 1510 823 1593 ideas,
854 1535 924 1578 non
943 1514 978 1579 in
999 1513 1059 1579 hac
1082 1522 1172 1579 terra

151 1664 259 1733 natas,
293 1650 349 1714 sed
377 1672 397 1715 a
429 1650 491 1724 deo,
514 1653 719 1741 ingeneratas
752 1650 964 1739 (universales
991 1655 1170 1737 notiones),

82 1817 83 1820 ¹
154 1792 284 1879 quibus
301 1812 414 1855 rerum
443 1802 594 1856 naturam
626 1787 685 1878 (τὸ
714 1788 772 1873 ὂν,
803 1786 867 1879 ,τὴν
894 1786 1051 1879 οὐσίαν),
1086 1818 1170 1883 qnae

153 1932 299 1997 sensibus
341 1929 468 2015 percipi
506 1901 575 1994 non
609 1943 734 2019 potest,
774 1933 1007 2019 cognoscimus.
1071 1934 1171 2001 Ideae

154 2074 305 2153 (aeterna
334 2069 554 2156 exemplaria)
584 2075 664 2141 nulli
691 2074 854 2159 subjectae
883 2084 960 2139 sunt
988 2074 1172 2156 mutationi,

153 2208 211 2273 sed
238 2229 370 2295 semper
397 2208 459 2274 sibi
487 2223 670 2292 constant,
686 2224 782 2300 atque
807 2214 990 2295 scientiam,
1023 2214 1171 2327 quaein

154 2349 274 2419 omnia
301 2326 452 2438 tempora
483 2350 636 2423 omnibus
667 2326 858 2416 hominibus
893 2355 996 2434 valet,
1038 2354 1172 2421 efficere

151 2499 300 2576 possunt.
354 2460 453 2609 Hinc
481 2492 558 2558 artis
591 2492 788 2575 dialecticae,
830 2494 921 2578 cujus
958 2492 1061 2561 linem
1098 2519 1172 2562 esse

104 2607 106 2612 ι
152 2628 238 2726 dixit
254 2628 357 2712 hunc,
374 2645 413 2697 ut
432 2656 526 2699 mens
549 2658 568 2700 a
588 2636 695 2718 rebus,
715 2658 795 2723 quae
815 2637 855 2739 in
871 2656 984 2701 sensus
1005 2635 1172 2723 caderent,

151 2764 193 2830 ad
214 2767 425 2857 intelligibiles
447 2785 482 2837 et
497 2773 583 2838 ideas
603 2776 639 2855 (i.
654 2798 681 2841 e.
701 2788 830 2844 aeterne
854 2799 968 2841 rernm
996 2781 1170 2867 exempla-

149 2911 213 2994 ria)
235 2921 497 2994 converteretur,
527 2914 672 2983 officium
700 2918 790 2983 Plato
820 2920 930 3008 posuit
961 2920 996 2984 in
1028 2931 1170 3007 utraque

149 3047 324 3131 methodo,
342 3049 378 3115 in
399 3050 598 3137 synthetica,
627 3080 708 3144 quae
730 3058 956 3147 componendo
979 3082 998 3123 a
1020 3060 1169 3147 singula-

146 3187 237 3253 ribus
259 3187 300 3251 ad
320 3190 514 3260 universalia
533 3196 756 3285 progreditur,
778 3215 810 3267 et
829 3200 866 3268 in
882 3161 1059 3287 analytica,
1081 3224 1168 3287 quae

146 3324 319 3391 dividendO
354 3329 394 3393 ab
432 3335 666 3405 universalibus
700 3340 741 3405 ad
779 3337 949 3427 singularia
987 3340 1167 3409 descendit.

144 3439 238 3538 ,Vera
262 3478 357 3553 atque
378 3492 462 3559 pura
482 3479 685 3565 co‘gni'tio‘in
709 3481 768 3548 illis
793 3460 1037 3568 perfectissimis
1065 3493 1166 3567 atque

145 3605 384 3676 absolutissimis
401 3616 639 3702 exemplaribus
651 3620 710 3685 site
722 3632 787 3685 est:
800 3620 920 3685 horum
934 3630 1043 3683 autem
1053 3619 1165 3686 scien-

142 3744 188 3811 tia
201 3716 361 3813 humanae
378 3727 482 3819 menti
491 3753 605 3836 innata
617 3773 673 3825 est.
714 3760 820 3847 Atqui
833 3758 980 3824 idearum
994 3746 1109 3839 natura
1126 3760 1165 3826 in

142 3884 235 3951 nobis
277 3888 445 3957 obscurata
481 3907 529 3960 est
536 3921 547 3977 5
572 3898 698 3987 itaque
731 3900 856 3966 denuo*
877 3878 1011 3967 excitari
1045 3914 1078 3965 et
1115 3903 1161 3969 ‘in
