2492 4259
157 813 317 904 Exposita
331 827 428 906 atque
445 821 617 909 explanata
634 833 702 890 tota
716 821 884 891 Ciceronis
898 819 1111 912 philosophia,

93 949 258 1040 reliquum
287 967 356 1039 eat,
379 971 435 1041 ut,
462 983 543 1049 quae
563 964 725 1052 superiori
753 962 970 1053 disputatione
990 959 1033 1028 de
1055 961 1113 1027 Gi·
1143 934 1151 940 ¹

96 1115 219 1162 oerono
239 1067 374 1182 ejusque
400 1097 605 1191 philosophia
624 1102 757 1176 uberius
778 1123 797 1168 a
818 1098 913 1168 nobis
932 1109 1030 1186 atque
1059 1095 1116 1163 fn-

97 1241 165 1308 sim
191 1221 452 1330 expositorium,
479 1260 627 1331 quaeque
647 1241 851 1332 propositam
876 1238 1116 1328 quaestionem:

99 1379 179 1447 “An
205 1390 240 1446 et
268 1377 434 1466 quomodo
463 1379 513 1448 M.
541 1382 672 1450 Tullius
702 1381 819 1447 Cicero
844 1378 886 1444 de
913 1377 1118 1469 philosophia

100 1517 235 1606 ejusque
261 1486 394 1606 singulis
422 1517 568 1605 partibus
588 1519 673 1588 bene
698 1517 835 1587 meritus
853 1519 932 1601 sit,'”
959 1530 1119 1607 quantum

101 1658 139 1728 in
159 1655 252 1724 nobis
273 1667 361 1738 erat,
374 1656 555 1728 illustrasse
574 1662 745 1743 videntur,
761 1657 905 1726 breviter
921 1657 1121 1794 eompleeta-

103 1819 198 1880 mur,
230 1807 327 1884 atque
357 1793 581 1883 disputationis
609 1800 785 1890 praecipua
810 1793 969 1912 quaedam
989 1819 1028 1862 ao
1047 1795 1120 1886 pii-

103 1937 208 2006 rnaria
233 1945 421 2018 momenta,
453 1934 602 2008 ueluti
589 1963 628 2010 tn
663 1935 787 2024 tsbula,
818 1939 930 2034 paneis
960 1937 1124 2032 designata

103 2078 197 2153 lineis
221 2075 449 2153 (exhibeamus.
571 2154 573 2158 .
816 2170 821 2179 ι

160 2217 231 2286 .An
260 2217 377 2284 Cioero
406 2218 448 2284 de
475 2217 681 2310 philosophia
701 2218 840 2306 ejusque
858 2220 991 2309 singulis
1021 2223 1126 2312 parti-

110 2365 173 2431 bus
193 2344 277 2428 bene
303 2358 440 2426 meritus
467 2359 526 2443 sit,
558 2361 594 2430 in
615 2362 848 2433 dubitationem
875 2370 970 2451 atque
993 2372 1128 2426 conou-

111 2500 254 2570 versiam
288 2497 424 2566 omnino
458 2501 569 2568 vocari
601 2505 724 2594 nequit.
773 2478 850 2590 Quo
890 2497 991 2564 niodo
1018 2512 1128 2566 autem

113 2639 199 2710 bene
229 2638 365 2708 moritus
394 2639 453 2723 ait,
481 2643 514 2710 id
543 2646 655 2733 paneis
674 2647 740 2731 jam
767 2640 1036 2733 perstringamus.
1076 2635 1131 2704 Ac
1225 2672 1227 2682 ι

81 2871 84 2874 ‚
113 2781 261 2871 primum
293 2776 442 2865 quidem,
474 2781 503 2846 si
532 2782 596 2850 rite
628 2768 796 2852 Ciceronis
824 2778 861 2848 ih
891 2773 1130 2866 philosophiam

113 2919 236 2993 merita
264 2915 438 3004 dijudicare
475 2920 646 3004 volumus,
683 2945 763 3010 gens
801 2939 956 2997 romana,
996 2917 1030 2981 in
1068 2938 1132 3002 qua
1189 2950 1192 2961 ·

19 3069 20 3074 ’
118 3057 331 3150 philosophus
364 3068 476 3124 noster
511 3055 673 3152 ahionem,-
696 3038 862 3148 tempora,
894 3055 1009 3145 quibus
1038 3056 1132 3139 vinit,

117 3171 342 3294 philosophias
366 3190 520 3283 'denique
554 3208 674 3282 status,
711 3194 818 3286 qualis,
848 3195 934 3285 apud
968 3195 1149 3262 Ronianos·

119 3357 197 3414 ante
217 3343 413 3434 Ciceronem
432 3337 510 3421 fuit,
538 3335 708 3426 diligenter
725 3337 820 3404 nobis
840 3347 918 3400 sunt
938 3322 1137 3423 pensitanda.

68 3475 71 3488 ι
121 3473 223 3574 Quotl
252 3485 281 3552 si
305 3481 458 3562 facimus,
481 3477 674 3545 Ciceronem
703 3476 905 3566 reperiemus
934 3474 974 3537 de
995 3458 1141 3561 philoso-

125 3625 204 3714 phia
235 3619 355 3690 eximie
383 3619 560 3688 meruisse.
617 3618 799 3686 Enimvero
836 3616 952 3682 Cicero
993 3611 1144 3676 omnium

35 3803 37 3812 r
128 3771 356 3846 Romanorum
388 3761 529 3850 primus,
561 3773 714 3826 cunctam
756 3758 959 3823 Graecorum
999 3751 1146 3839 philoso-

129 3907 243 4003 phiam
268 3905 484 4000 completius,¹
504 3902 588 3970 hano
622 3926 640 3966 o
671 3899 808 3972 Graecia
838 3882 981 3966 ‘liomam
1004 3889 1122 3982 pat-tut·
