<?xml version="1.0" encoding="UTF-8"?>
<!DOCTYPE html PUBLIC "-//W3C//DTD XHTML 1.0 Transitional//EN"
    "http://www.w3.org/TR/xhtml1/DTD/xhtml1-transitional.dtd">
<html xmlns="http://www.w3.org/1999/xhtml" xml:lang="en" lang="en">
 <head>
  <title>
</title>
<meta http-equiv="Content-Type" content="text/html;charset=utf-8" />
  <meta name='ocr-system' content='tesseract 3.04.00' />
  <meta name='ocr-capabilities' content='ocr_page ocr_carea ocr_par ocr_line ocrx_word'/>
</head>
<body>
  <div class='ocr_page' id='page_1' title='image "./mtulliiciceroni01kuehgoog_0245.png"; bbox 0 0 2492 4259; ppageno 0'>
   <div class='ocr_carea' id='block_1_1' title="bbox 545 211 627 284">
    <p class='ocr_par' dir='ltr' id='par_1_1' title="bbox 545 211 627 284">
     <span class='ocr_line' id='line_1_1' title="bbox 545 211 627 284; baseline 0 0"><span class='ocrx_word' id='word_1_1' title='bbox 545 211 627 284; x_wconf 85' lang='lat'>221</span> 
     </span>
    </p>
   </div>
   <div class='ocr_carea' id='block_1_2' title="bbox 20 387 1202 1778">
    <p class='ocr_par' dir='ltr' id='par_1_2' title="bbox 20 387 1202 1778">
     <span class='ocr_line' id='line_1_2' title="bbox 78 387 1100 496; baseline 0.005 -24"><span class='ocrx_word' id='word_1_2' title='bbox 78 409 225 474; x_wconf 84' lang='lat' dir='ltr'>doctrina</span> <span class='ocrx_word' id='word_1_3' title='bbox 254 409 348 494; x_wconf 89' lang='lat' dir='ltr'>elegit</span> <span class='ocrx_word' id='word_1_4' title='bbox 370 420 465 493; x_wconf 83' lang='lat' dir='ltr'>atque</span> <span class='ocrx_word' id='word_1_5' title='bbox 484 407 717 496; x_wconf 73' lang='lat' dir='ltr'>pertractavit,</span> <span class='ocrx_word' id='word_1_6' title='bbox 752 408 852 493; x_wconf 87' lang='lat' dir='ltr'>iisque</span> <span class='ocrx_word' id='word_1_7' title='bbox 872 387 1100 477; x_wconf 71' lang='lat' dir='ltr'>Romanorum</span> 
     </span>
     <span class='ocr_line' id='line_1_3' title="bbox 163 505 226 534; baseline 0 0"><span class='ocrx_word' id='word_1_8' title='bbox 163 505 174 529; x_wconf 67' lang='grc' dir='ltr'>Ι</span> <span class='ocrx_word' id='word_1_9' title='bbox 224 527 226 534; x_wconf 71' lang='grc'>,</span> 
     </span>
     <span class='ocr_line' id='line_1_4' title="bbox 79 532 1098 640; baseline -0.002 -24"><span class='ocrx_word' id='word_1_10' title='bbox 79 554 202 618; x_wconf 79' lang='lat' dir='ltr'>animos</span> <span class='ocrx_word' id='word_1_11' title='bbox 225 552 372 616; x_wconf 84' lang='lat' dir='ltr'>imbuere</span> <span class='ocrx_word' id='word_1_12' title='bbox 395 562 490 636; x_wconf 87' lang='lat' dir='ltr'>atque</span> <span class='ocrx_word' id='word_1_13' title='bbox 512 532 690 617; x_wconf 75' lang='lat' dir='ltr'>informdre</span> <span class='ocrx_word' id='word_1_14' title='bbox 714 549 854 632; x_wconf 85' lang='lat' dir='ltr'>studuit,</span> <span class='ocrx_word' id='word_1_15' title='bbox 875 538 907 614; x_wconf 79' lang='lat' dir='ltr'>et</span> <span class='ocrx_word' id='word_1_16' title='bbox 927 565 1098 640; x_wconf 82' lang='lat' dir='ltr'>praecepta</span> 
     </span>
     <span class='ocr_line' id='line_1_5' title="bbox 42 693 1099 782; baseline -0.002 -22"><span class='ocrx_word' id='word_1_17' title='bbox 42 745 43 749; x_wconf 65' lang='lat'>,</span> <span class='ocrx_word' id='word_1_18' title='bbox 78 719 140 762; x_wconf 85' lang='lat' dir='ltr'>sua·</span> <span class='ocrx_word' id='word_1_19' title='bbox 167 693 367 782; x_wconf 82' lang='lat' dir='ltr'>populariter</span> <span class='ocrx_word' id='word_1_20' title='bbox 395 693 524 780; x_wconf 90' lang='lat' dir='ltr'>quidem</span> <span class='ocrx_word' id='word_1_21' title='bbox 555 703 587 758; x_wconf 89' lang='lat' dir='ltr'>et</span> <span class='ocrx_word' id='word_1_22' title='bbox 616 694 654 758; x_wconf 88' lang='lat' dir='ltr'>ad</span> <span class='ocrx_word' id='word_1_23' title='bbox 679 715 890 768; x_wconf 83' lang='lat' dir='ltr'>communem</span> <span class='ocrx_word' id='word_1_24' title='bbox 916 693 1099 781; x_wconf 81' lang='lat' dir='ltr'>intelligen-</span> 
     </span>
     <span class='ocr_line' id='line_1_6' title="bbox 77 801 1100 922; baseline -0.003 -19"><span class='ocrx_word' id='word_1_25' title='bbox 77 839 152 904; x_wconf 89' lang='lat' dir='ltr'>tiam</span> <span class='ocrx_word' id='word_1_26' title='bbox 184 801 443 906; x_wconf 85' lang='lat' dir='ltr'>accommodate.</span> <span class='ocrx_word' id='word_1_27' title='bbox 475 836 530 900; x_wconf 86' lang='lat' dir='ltr'>sed</span> <span class='ocrx_word' id='word_1_28' title='bbox 564 835 735 922; x_wconf 87' lang='lat' dir='ltr'>magnifico</span> <span class='ocrx_word' id='word_1_29' title='bbox 768 836 909 920; x_wconf 79' lang='lat' dir='ltr'>quodam</span> <span class='ocrx_word' id='word_1_30' title='bbox 944 837 1100 900; x_wconf 80' lang='lat' dir='ltr'>orationis</span> 
     </span>
     <span class='ocr_line' id='line_1_7' title="bbox 78 979 1202 1069; baseline -0.003 -23"><span class='ocrx_word' id='word_1_31' title='bbox 78 1001 197 1069; x_wconf 84' lang='lat' dir='ltr'>genere</span> <span class='ocrx_word' id='word_1_32' title='bbox 229 980 375 1060; x_wconf 83' lang='lat' dir='ltr'>tradidit,</span> <span class='ocrx_word' id='word_1_33' title='bbox 415 979 557 1044; x_wconf 88' lang='lat' dir='ltr'>adhibito</span> <span class='ocrx_word' id='word_1_34' title='bbox 593 980 755 1064; x_wconf 84' lang='lat' dir='ltr'>eleganter</span> <span class='ocrx_word' id='word_1_35' title='bbox 784 980 912 1044; x_wconf 90' lang='lat' dir='ltr'>romani</span> <span class='ocrx_word' id='word_1_36' title='bbox 939 979 1129 1044; x_wconf 73' lang='lat' dir='ltr'>sermonis</span> <span class='ocrx_word' id='word_1_37' title='bbox 1197 985 1202 994; x_wconf 87' lang='grc'><em>“</em></span> 
     </span>
     <span class='ocr_line' id='line_1_8' title="bbox 79 1120 1129 1211; baseline 0 -25"><span class='ocrx_word' id='word_1_38' title='bbox 79 1123 308 1211; x_wconf 84' lang='lat' dir='ltr'>splendore-ae</span> <span class='ocrx_word' id='word_1_39' title='bbox 330 1123 513 1206; x_wconf 81' lang='lat' dir='ltr'>majestate,</span> <span class='ocrx_word' id='word_1_40' title='bbox 542 1120 756 1206; x_wconf 84' lang='lat' dir='ltr'>adjunctaque</span> <span class='ocrx_word' id='word_1_41' title='bbox 774 1122 970 1188; x_wconf 84' lang='lat' dir='ltr'>eximiorum</span> <span class='ocrx_word' id='word_1_42' title='bbox 994 1122 1100 1188; x_wconf 86' lang='lat' dir='ltr'>hiato·</span> <span class='ocrx_word' id='word_1_43' title='bbox 1125 1147 1129 1154; x_wconf 88' lang='lat'>·</span> 
     </span>
     <span class='ocr_line' id='line_1_9' title="bbox 78 1263 1101 1352; baseline -0.004 -20"><span class='ocrx_word' id='word_1_44' title='bbox 78 1270 144 1334; x_wconf 84' lang='lat' dir='ltr'>riae</span> <span class='ocrx_word' id='word_1_45' title='bbox 167 1267 395 1352; x_wconf 81' lang='lat' dir='ltr'>exemplorum</span> <span class='ocrx_word' id='word_1_46' title='bbox 422 1265 529 1350; x_wconf 86' lang='lat' dir='ltr'>copia,</span> <span class='ocrx_word' id='word_1_47' title='bbox 556 1276 604 1343; x_wconf 88' lang='lat' dir='ltr'>et,</span> <span class='ocrx_word' id='word_1_48' title='bbox 638 1263 666 1326; x_wconf 90' lang='lat' dir='ltr'>si</span> <span class='ocrx_word' id='word_1_49' title='bbox 695 1263 864 1330; x_wconf 88' lang='lat' dir='ltr'>nobiscum</span> <span class='ocrx_word' id='word_1_50' title='bbox 900 1277 1101 1351; x_wconf 74' lang='lat' dir='ltr'>reputamus,</span> 
     </span>
     <span class='ocr_line' id='line_1_10' title="bbox 20 1405 1200 1498; baseline -0.004 -22"><span class='ocrx_word' id='word_1_51' title='bbox 20 1431 21 1440; x_wconf 57' lang='lat'>¹</span> <span class='ocrx_word' id='word_1_52' title='bbox 77 1433 177 1498; x_wconf 88' lang='lat' dir='ltr'>quam</span> <span class='ocrx_word' id='word_1_53' title='bbox 202 1409 326 1476; x_wconf 82' lang='lat' dir='ltr'>assidue</span> <span class='ocrx_word' id='word_1_54' title='bbox 355 1405 433 1474; x_wconf 86' lang='lat' dir='ltr'>haec</span> <span class='ocrx_word' id='word_1_55' title='bbox 456 1405 589 1496; x_wconf 83' lang='lat' dir='ltr'>moralia</span> <span class='ocrx_word' id='word_1_56' title='bbox 615 1406 744 1470; x_wconf 88' lang='lat' dir='ltr'>romani</span> <span class='ocrx_word' id='word_1_57' title='bbox 772 1405 956 1493; x_wconf 85' lang='lat' dir='ltr'>philosophi</span> <span class='ocrx_word' id='word_1_58' title='bbox 980 1408 1101 1494; x_wconf 84' lang='lat' dir='ltr'>scripta</span> <span class='ocrx_word' id='word_1_59' title='bbox 1128 1448 1162 1488; x_wconf 42' lang='grc' dir='ltr'>ι,</span> <span class='ocrx_word' id='word_1_60' title='bbox 1195 1428 1200 1440; x_wconf 85' lang='grc'><strong><em>·</em></strong></span> 
     </span>
     <span class='ocr_line' id='line_1_11' title="bbox 78 1527 1109 1639; baseline -0.004 -21"><span class='ocrx_word' id='word_1_61' title='bbox 78 1554 121 1618; x_wconf 92' lang='lat' dir='ltr'>ob</span> <span class='ocrx_word' id='word_1_62' title='bbox 145 1575 197 1616; x_wconf 88' lang='lat' dir='ltr'>eas</span> <span class='ocrx_word' id='word_1_63' title='bbox 215 1551 299 1638; x_wconf 87' lang='lat' dir='ltr'>ipsas</span> <span class='ocrx_word' id='word_1_64' title='bbox 321 1561 520 1637; x_wconf 80' lang='lat' dir='ltr'>praestantes</span> <span class='ocrx_word' id='word_1_65' title='bbox 543 1549 680 1613; x_wconf 84' lang='lat' dir='ltr'>virtutes</span> <span class='ocrx_word' id='word_1_66' title='bbox 695 1551 832 1633; x_wconf 81' lang='lat' dir='ltr'>posteris</span> <span class='ocrx_word' id='word_1_67' title='bbox 853 1552 948 1616; x_wconf 88' lang='lat' dir='ltr'>etiam</span> <span class='ocrx_word' id='word_1_68' title='bbox 970 1527 1109 1639; x_wconf 40' lang='lat' dir='ltr'>temposs</span> 
     </span>
     <span class='ocr_line' id='line_1_12' title="bbox 78 1673 1097 1778; baseline -0.005 -16"><span class='ocrx_word' id='word_1_69' title='bbox 78 1673 169 1762; x_wconf 79' lang='lat' dir='ltr'>ribus</span> <span class='ocrx_word' id='word_1_70' title='bbox 191 1687 295 1760; x_wconf 84' lang='lat' dir='ltr'>lectita</span> <span class='ocrx_word' id='word_1_71' title='bbox 317 1694 492 1778; x_wconf 85' lang='lat' dir='ltr'>sintatque</span> <span class='ocrx_word' id='word_1_72' title='bbox 505 1689 788 1777; x_wconf 47' lang='lat' dir='ltr'>pervolutapquis</span> <span class='ocrx_word' id='word_1_73' title='bbox 812 1705 869 1768; x_wconf 87' lang='lat' dir='ltr'>cst,</span> <span class='ocrx_word' id='word_1_74' title='bbox 892 1695 946 1777; x_wconf 89' lang='lat' dir='ltr'>qui</span> <span class='ocrx_word' id='word_1_75' title='bbox 964 1693 1097 1774; x_wconf 80' lang='lat' dir='ltr'>(tubitet,</span> 
     </span>
    </p>
   </div>
   <div class='ocr_carea' id='block_1_3' title="bbox 20 1820 1227 1938">
    <p class='ocr_par' dir='ltr' id='par_1_3' title="bbox 20 1820 1227 1938">
     <span class='ocr_line' id='line_1_13' title="bbox 20 1820 1227 1938; baseline -0.002 -36"><span class='ocrx_word' id='word_1_76' title='bbox 20 1915 31 1938; x_wconf 36' lang='lat'><em>⁷</em></span> <span class='ocrx_word' id='word_1_77' title='bbox 80 1831 276 1904; x_wconf 78' lang='lat' dir='ltr'>Ciceronem</span> <span class='ocrx_word' id='word_1_78' title='bbox 311 1858 380 1898; x_wconf 90' lang='lat' dir='ltr'>non</span> <span class='ocrx_word' id='word_1_79' title='bbox 410 1835 515 1900; x_wconf 89' lang='lat' dir='ltr'>solum</span> <span class='ocrx_word' id='word_1_80' title='bbox 529 1820 693 1914; x_wconf 37' lang='lat' dir='ltr'>,romanae</span> <span class='ocrx_word' id='word_1_81' title='bbox 715 1834 838 1920; x_wconf 81' lang='lat' dir='ltr'>gentis,</span> <span class='ocrx_word' id='word_1_82' title='bbox 859 1839 1101 1900; x_wconf 71' lang='lat' dir='ltr'>verumtetiam</span> <span class='ocrx_word' id='word_1_83' title='bbox 1122 1863 1150 1878; x_wconf 64' lang='grc'>-’</span> <span class='ocrx_word' id='word_1_84' title='bbox 1225 1862 1227 1881; x_wconf 60' lang='lat'><strong><em>⁴</em></strong></span> 
     </span>
    </p>
   </div>
   <div class='ocr_carea' id='block_1_4' title="bbox 80 1948 1227 2062">
    <p class='ocr_par' dir='ltr' id='par_1_4' title="bbox 80 1948 1227 2062">
     <span class='ocr_line' id='line_1_14' title="bbox 80 1948 1227 2062; baseline -0.003 -14"><span class='ocrx_word' id='word_1_85' title='bbox 80 1982 263 2047; x_wconf 82' lang='lat' dir='ltr'>mullorum</span> <span class='ocrx_word' id='word_1_86' title='bbox 283 1979 419 2044; x_wconf 89' lang='lat' dir='ltr'>aliorum</span> <span class='ocrx_word' id='word_1_87' title='bbox 440 1978 494 2062; x_wconf 88' lang='lat' dir='ltr'>qui</span> <span class='ocrx_word' id='word_1_88' title='bbox 522 1979 631 2044; x_wconf 84' lang='lat' dir='ltr'>multia</span> <span class='ocrx_word' id='word_1_89' title='bbox 653 1977 785 2042; x_wconf 85' lang='lat' dir='ltr'>saeculis</span> <span class='ocrx_word' id='word_1_90' title='bbox 806 1975 847 2039; x_wconf 89' lang='lat' dir='ltr'>ab</span> <span class='ocrx_word' id='word_1_91' title='bbox 869 1977 921 2041; x_wconf 95' lang='lat' dir='ltr'>illo</span> <span class='ocrx_word' id='word_1_92' title='bbox 939 1977 1102 2046; x_wconf 87' lang='lat' dir='ltr'>distabant</span> <span class='ocrx_word' id='word_1_93' title='bbox 1121 2019 1125 2029; x_wconf 75' lang='grc'><strong>»</strong></span> <span class='ocrx_word' id='word_1_94' title='bbox 1226 1948 1227 2033; x_wconf 71' lang='lat' dir='ltr'>l</span> 
     </span>
    </p>
   </div>
   <div class='ocr_carea' id='block_1_5' title="bbox 79 2103 1128 2212">
    <p class='ocr_par' dir='ltr' id='par_1_5' title="bbox 79 2103 1128 2212">
     <span class='ocr_line' id='line_1_15' title="bbox 79 2103 1128 2212; baseline 0 -24"><span class='ocrx_word' id='word_1_95' title='bbox 79 2124 281 2212; x_wconf 86' lang='lat' dir='ltr'>populorum</span> <span class='ocrx_word' id='word_1_96' title='bbox 315 2119 444 2186; x_wconf 86' lang='lat' dir='ltr'>moralis</span> <span class='ocrx_word' id='word_1_97' title='bbox 476 2121 650 2208; x_wconf 86' lang='lat' dir='ltr'>sapientiae</span> <span class='ocrx_word' id='word_1_98' title='bbox 680 2103 848 2212; x_wconf 81' lang='lat' dir='ltr'>doctorem</span> <span class='ocrx_word' id='word_1_99' title='bbox 876 2122 1020 2190; x_wconf 80' lang='lat' dir='ltr'>extitisse</span> <span class='ocrx_word' id='word_1_100' title='bbox 1051 2134 1128 2188; x_wconf 59' lang='lat' dir='ltr'>at-&#39;</span> 
     </span>
    </p>
   </div>
   <div class='ocr_carea' id='block_1_6' title="bbox 81 2262 438 2353">
    <p class='ocr_par' dir='ltr' id='par_1_6' title="bbox 81 2262 438 2353">
     <span class='ocr_line' id='line_1_16' title="bbox 81 2262 438 2353; baseline -0.025 -19"><span class='ocrx_word' id='word_1_101' title='bbox 81 2289 146 2353; x_wconf 83' lang='lat' dir='ltr'>que</span> <span class='ocrx_word' id='word_1_102' title='bbox 163 2265 359 2353; x_wconf 81' lang='lat' dir='ltr'>magistrum</span> <span class='ocrx_word' id='word_1_103' title='bbox 385 2262 438 2346; x_wconf 80' lang='lat'>¹)?</span> 
     </span>
    </p>
   </div>
   <div class='ocr_carea' id='block_1_7' title="bbox 85 2539 1213 3872">
    <p class='ocr_par' dir='ltr' id='par_1_7' title="bbox 579 2539 631 2602">
     <span class='ocr_line' id='line_1_17' title="bbox 579 2539 631 2602; baseline -0.019 0"><span class='ocrx_word' id='word_1_104' title='bbox 579 2539 631 2602; x_wconf 93' lang='grc' dir='ltr'>ΙΙ.</span> 
     </span>
    </p>

    <p class='ocr_par' dir='ltr' id='par_1_8' title="bbox 85 2655 1213 3872">
     <span class='ocr_line' id='line_1_18' title="bbox 150 2655 1103 2767; baseline 0.001 -20"><span class='ocrx_word' id='word_1_105' title='bbox 150 2655 309 2762; x_wconf 79' lang='lat' dir='ltr'>Romani,</span> <span class='ocrx_word' id='word_1_106' title='bbox 340 2681 387 2746; x_wconf 90' lang='lat' dir='ltr'>uti</span> <span class='ocrx_word' id='word_1_107' title='bbox 416 2699 513 2766; x_wconf 88' lang='lat' dir='ltr'>supra</span> <span class='ocrx_word' id='word_1_108' title='bbox 542 2679 699 2760; x_wconf 88' lang='lat' dir='ltr'>vidimus,</span> <span class='ocrx_word' id='word_1_109' title='bbox 731 2680 864 2745; x_wconf 79' lang='lat' dir='ltr'>stoicam</span> <span class='ocrx_word' id='word_1_110' title='bbox 895 2679 1046 2767; x_wconf 84' lang='lat' dir='ltr'>inprimis</span> <span class='ocrx_word' id='word_1_111' title='bbox 1068 2695 1103 2756; x_wconf 75' lang='lat' dir='ltr'>et</span> 
     </span>
     <span class='ocr_line' id='line_1_19' title="bbox 85 2805 1165 2921; baseline -0.003 -28"><span class='ocrx_word' id='word_1_112' title='bbox 85 2805 273 2916; x_wconf 71' lang='lat' dir='ltr'>epicuream</span> <span class='ocrx_word' id='word_1_113' title='bbox 296 2823 533 2911; x_wconf 81' lang='lat' dir='ltr'>philosophiam</span> <span class='ocrx_word' id='word_1_114' title='bbox 565 2814 676 2888; x_wconf 87' lang='lat' dir='ltr'>sectati</span> <span class='ocrx_word' id='word_1_115' title='bbox 697 2835 791 2903; x_wconf 83' lang='lat' dir='ltr'>sunt3</span> <span class='ocrx_word' id='word_1_116' title='bbox 821 2824 954 2889; x_wconf 87' lang='lat' dir='ltr'>namin</span> <span class='ocrx_word' id='word_1_117' title='bbox 978 2826 1111 2892; x_wconf 61' lang='lat' dir='ltr'>Roma-¹</span> <span class='ocrx_word' id='word_1_118' title='bbox 1162 2915 1165 2921; x_wconf 19' lang='grc' dir='ltr'>Ι</span> 
     </span>
     <span class='ocr_line' id='line_1_20' title="bbox 85 2961 1167 3068; baseline -0.004 -31"><span class='ocrx_word' id='word_1_119' title='bbox 85 2992 210 3037; x_wconf 85' lang='lat' dir='ltr'>norum</span> <span class='ocrx_word' id='word_1_120' title='bbox 232 2966 363 3055; x_wconf 84' lang='lat' dir='ltr'>ingenio</span> <span class='ocrx_word' id='word_1_121' title='bbox 385 2965 465 3068; x_wconf 72' lang='lat' dir='ltr'>dpae</span> <span class='ocrx_word' id='word_1_122' title='bbox 492 2975 584 3030; x_wconf 89' lang='lat' dir='ltr'>erant</span> <span class='ocrx_word' id='word_1_123' title='bbox 607 2965 708 3052; x_wconf 85' lang='lat' dir='ltr'>leges,</span> <span class='ocrx_word' id='word_1_124' title='bbox 741 2961 859 3048; x_wconf 87' lang='lat' dir='ltr'>eaeque</span> <span class='ocrx_word' id='word_1_125' title='bbox 885 2962 1107 3037; x_wconf 83' lang='lat' dir='ltr'>extremaeet</span> <span class='ocrx_word' id='word_1_126' title='bbox 1164 2985 1167 3007; x_wconf 85' lang='lat'><strong>¹</strong></span> 
     </span>
     <span class='ocr_line' id='line_1_21' title="bbox 87 3099 1213 3199; baseline -0.016 -19"><span class='ocrx_word' id='word_1_127' title='bbox 87 3114 151 3180; x_wconf 88' lang='lat' dir='ltr'>sibi</span> <span class='ocrx_word' id='word_1_128' title='bbox 172 3110 352 3199; x_wconf 81' lang='lat' dir='ltr'>oppositae,</span> <span class='ocrx_word' id='word_1_129' title='bbox 381 3119 437 3172; x_wconf 88' lang='lat' dir='ltr'>aut</span> <span class='ocrx_word' id='word_1_130' title='bbox 457 3108 694 3172; x_wconf 63' lang='lat' dir='ltr'>severitas-‘aut</span> <span class='ocrx_word' id='word_1_131' title='bbox 712 3108 819 3174; x_wconf 83' lang='lat' dir='ltr'>luxus.</span> <span class='ocrx_word' id='word_1_132' title='bbox 860 3099 1002 3177; x_wconf 51' lang='lat' dir='ltr'>Plstan&#39;is</span> <span class='ocrx_word' id='word_1_133' title='bbox 1031 3133 1108 3178; x_wconf 84' lang='lat' dir='ltr'>mo·</span> <span class='ocrx_word' id='word_1_134' title='bbox 1204 3144 1213 3162; x_wconf 83' lang='lat'><strong>.</strong></span> 
     </span>
     <span class='ocr_line' id='line_1_22' title="bbox 87 3241 1109 3340; baseline -0.001 -18"><span class='ocrx_word' id='word_1_135' title='bbox 87 3256 167 3324; x_wconf 88' lang='lat' dir='ltr'>ralis</span> <span class='ocrx_word' id='word_1_136' title='bbox 195 3253 358 3332; x_wconf 89' lang='lat' dir='ltr'>doctrina,</span> <span class='ocrx_word' id='word_1_137' title='bbox 395 3271 476 3338; x_wconf 88' lang='lat' dir='ltr'>quae</span> <span class='ocrx_word' id='word_1_138' title='bbox 504 3249 539 3314; x_wconf 91' lang='lat' dir='ltr'>in</span> <span class='ocrx_word' id='word_1_139' title='bbox 568 3269 697 3314; x_wconf 89' lang='lat' dir='ltr'>summa</span> <span class='ocrx_word' id='word_1_140' title='bbox 726 3241 874 3339; x_wconf 74' lang='grc' dir='ltr'><em>ἁρμονίᾳ</em></span> <span class='ocrx_word' id='word_1_141' title='bbox 905 3254 1109 3340; x_wconf 82' lang='lat' dir='ltr'>consistebat,</span> 
     </span>
     <span class='ocr_line' id='line_1_23' title="bbox 90 3363 1123 3480; baseline -0.003 -16"><span class='ocrx_word' id='word_1_142' title='bbox 90 3421 111 3464; x_wconf 91' lang='lat' dir='ltr'>a</span> <span class='ocrx_word' id='word_1_143' title='bbox 144 3399 371 3464; x_wconf 88' lang='lat' dir='ltr'>Romanorum</span> <span class='ocrx_word' id='word_1_144' title='bbox 406 3393 537 3480; x_wconf 87' lang='lat' dir='ltr'>ingenio</span> <span class='ocrx_word' id='word_1_145' title='bbox 567 3363 667 3476; x_wconf 76' lang='lat' dir='ltr'>atque</span> <span class='ocrx_word' id='word_1_146' title='bbox 696 3390 804 3477; x_wconf 85' lang='lat' dir='ltr'>indole</span> <span class='ocrx_word' id='word_1_147' title='bbox 840 3373 997 3461; x_wconf 85' lang='lat' dir='ltr'>remotior</span> <span class='ocrx_word' id='word_1_148' title='bbox 1030 3369 1123 3478; x_wconf 54' lang='lat' dir='ltr'>erat,</span> 
     </span>
     <span class='ocr_line' id='line_1_24' title="bbox 91 3533 1111 3631; baseline -0.002 -25"><span class='ocrx_word' id='word_1_149' title='bbox 91 3562 193 3631; x_wconf 88' lang='lat' dir='ltr'>quam</span> <span class='ocrx_word' id='word_1_150' title='bbox 212 3551 250 3604; x_wconf 88' lang='lat' dir='ltr'>ut</span> <span class='ocrx_word' id='word_1_151' title='bbox 269 3536 361 3602; x_wconf 90' lang='lat' dir='ltr'>abiis</span> <span class='ocrx_word' id='word_1_152' title='bbox 380 3535 504 3624; x_wconf 84' lang='lat' dir='ltr'>percipi</span> <span class='ocrx_word' id='word_1_153' title='bbox 521 3545 641 3622; x_wconf 88' lang='lat' dir='ltr'>posset.</span> <span class='ocrx_word' id='word_1_154' title='bbox 684 3533 791 3598; x_wconf 85' lang='lat' dir='ltr'>stoica</span> <span class='ocrx_word' id='word_1_155' title='bbox 807 3546 916 3599; x_wconf 86' lang='lat' dir='ltr'>autem</span> <span class='ocrx_word' id='word_1_156' title='bbox 935 3535 1111 3627; x_wconf 80' lang='lat' dir='ltr'>disciplina,</span> 
     </span>
     <span class='ocr_line' id='line_1_25' title="bbox 92 3655 1203 3769; baseline -0.005 -21"><span class='ocrx_word' id='word_1_157' title='bbox 92 3655 210 3748; x_wconf 84' lang='lat' dir='ltr'>omnes</span> <span class='ocrx_word' id='word_1_158' title='bbox 230 3692 381 3746; x_wconf 81' lang='lat' dir='ltr'>externas</span> <span class='ocrx_word' id='word_1_159' title='bbox 403 3701 454 3742; x_wconf 83' lang='lat' dir='ltr'>rea</span> <span class='ocrx_word' id='word_1_160' title='bbox 490 3675 656 3764; x_wconf 83' lang='lat' dir='ltr'>negligens</span> <span class='ocrx_word' id='word_1_161' title='bbox 679 3686 775 3761; x_wconf 87' lang='lat' dir='ltr'>atque</span> <span class='ocrx_word' id='word_1_162' title='bbox 796 3697 972 3761; x_wconf 85' lang='lat' dir='ltr'>spernens,</span> <span class='ocrx_word' id='word_1_163' title='bbox 999 3678 1113 3769; x_wconf 81' lang='lat' dir='ltr'>splen·</span> <span class='ocrx_word' id='word_1_164' title='bbox 1199 3676 1203 3681; x_wconf 73' lang='grc'><strong>’</strong></span> 
     </span>
     <span class='ocr_line' id='line_1_26' title="bbox 96 3841 547 3872; baseline -0.016 2"><span class='ocrx_word' id='word_1_165' title='bbox 96 3841 547 3872; x_wconf 38' lang='lat' dir='ltr'>...mmm-...ud</span> 
     </span>
    </p>
   </div>
   <div class='ocr_carea' id='block_1_8' title="bbox 113 3921 1114 4050">
    <p class='ocr_par' dir='ltr' id='par_1_9' title="bbox 113 3921 1114 4050">
     <span class='ocr_line' id='line_1_27' title="bbox 113 3921 1114 4050; baseline -0.006 -32"><span class='ocrx_word' id='word_1_166' title='bbox 113 3921 208 4035; x_wconf 57' lang='lat' dir='ltr'>1)th</span> <span class='ocrx_word' id='word_1_167' title='bbox 226 3945 395 4030; x_wconf 75' lang='lat' dir='ltr'>Staeudliui,</span> <span class='ocrx_word' id='word_1_168' title='bbox 414 3963 452 4050; x_wconf 91' lang='lat' dir='ltr'>V</span> <span class='ocrx_word' id='word_1_169' title='bbox 469 3961 513 4028; x_wconf 86' lang='lat' dir='ltr'>S·,</span> <span class='ocrx_word' id='word_1_170' title='bbox 539 3961 632 4016; x_wconf 72' lang='lat' dir='ltr'>deses.</span> <span class='ocrx_word' id='word_1_171' title='bbox 651 3936 698 4012; x_wconf 70' lang='lat' dir='ltr'>aar</span> <span class='ocrx_word' id='word_1_172' title='bbox 716 3961 981 4029; x_wconf 74' lang='lat' dir='ltr'>Moralphilosophia&#39;.</span> <span class='ocrx_word' id='word_1_173' title='bbox 1009 3981 1036 4030; x_wconf 85' lang='lat' dir='ltr'>p.</span> <span class='ocrx_word' id='word_1_174' title='bbox 1052 3970 1114 4026; x_wconf 81' lang='lat'>390,</span> 
     </span>
    </p>
   </div>
   <div class='ocr_carea' id='block_1_9' title="bbox 0 0 1254 4259">
    <p class='ocr_par' dir='ltr' id='par_1_10' title="bbox 0 0 1254 4259">
     <span class='ocr_line' id='line_1_28' title="bbox 0 0 1254 4259; baseline 0 0"><span class='ocrx_word' id='word_1_175' title='bbox 0 0 1254 4259; x_wconf 95' lang='lat' dir='ltr'> </span> 
     </span>
    </p>
   </div>
  </div>
 </body>
</html>
