2492 4259
573 129 697 211 ,66

157 336 307 406 invenire
329 346 424 424 atque
453 331 631 420 evestigare
651 351 765 418 posse,
795 329 891 396 diffisi
919 351 989 396 esse
1005 307 1181 406 ridentur.

158 478 308 549 Eandem
330 476 491 566 ingressus
505 449 506 456 l
522 475 611 540 viam
641 473 774 555 Cicero,
804 473 1010 543 Graecorum
1031 476 1183 564 vestigiis

158 585 330 720 insistens,
366 620 402 686 in
428 617 509 706 ipsis,
533 609 757 704 philosophiae
789 604 955 703 mysteriis
986 617 1068 690 1111111
1096 619 1185 683 novi

112 721 113 724 =
161 763 304 842 invenit,
324 760 380 826 sed
403 767 441 825 33
461 759 668 837 retractavit,
688 779 770 845 quae
790 759 858 844 jam
874 771 968 824 erant
988 760 1023 824 iu
1042 773 1186 851 promtu

146 879 260 994 Ι11111113
280 903 409 992 parata,
435 924 580 989 quaeque
601 901 727 968 civibus
747 901 812 966 suis
833 899 999 966 utilissima
1018 901 1184 969 videban-

163 1059 229 1116 tur.
269 1047 450 1114 Enimvero
473 1043 639 1110 Ciceronis
662 1020 866 1132 philosophia
895 1045 1073 1160 maximapn
1100 1067 1184 1133 par-

163 1201 233 1260 tem
254 1211 345 1254 mera
371 1187 458 1252 vitae
480 1187 634 1282 sapientia
654 1197 717 1266 est,
744 1209 821 1251 33113
849 1199 962 1252 tamen
987 1188 1185 1276 plerumque
1228 1162 1231 1167 .

166 1344 262 1422 atque
283 1353 363 1396 vera
386 1331 429 1416 ⁸).
446 1364 489 1380 -
512 1330 606 1417 Quae
624 1329 734 1416 paucis
755 1330 821 1413 jam
840 1331 1111 1417 perstrinximus,
1140 1355 1185 1398 ex

148 1465 223 1556 iis,
250 1473 387 1562 quaein
410 1471 521 1538 ceteris
543 1471 640 1555 hujus
667 1460 891 1558 disputationis
912 1472 1056 1560 partibus
1085 1497 1186 1542 enra-

167 1617 232 1684 tius
248 1627 350 1704 ,atque
369 1613 501 1688 uberius
525 1624 747 1701 apponentur,
777 1613 892 1678 clarius
916 1615 1099 1687 elucebunt.

115 1983 120 2006 ι
169 1852 330 1970 xum.
385 1897 636 1988 QUAMNAM
672 1897 1055 1970 Pfflrosornsum
1090 1901 1187 1997 31-

218 2039 407 2110 ΤΙΟΝΕΜ
447 2037 693 2128 SEQUUTUS
734 2041 907 2137 FUERIT
949 2041 1137 2124 CICERO,

328 2145 331 2156 ’
469 2179 871 2259 3111011313111111
1231 2144 1233 2157 ’

234 2323 350 2406 Cicero
368 2322 643 2390 Academicorum
665 2322 862 2410 disciplinae,
889 2327 990 2410 qualis
1017 2339 1094 2413 post
1112 2328 1188 2396 Ar-

172 2466 315 2547 eesilsm,
353 2489 372 2530 3
404 2463 570 2532 Carneade
598 2479 694 2551 atque
723 2466 858 2532 Philone
887 2468 1087 2550 tradebatur,
1125 2469 1188 2534 de-

174 2610 258 2676 ditus
280 2621 358 2676 erat.
398 2609 465 2674 Sub
486 2609 582 2694 hujus
605 2609 770 2696 auspiciis,
788 2610 840 2676 oui
862 2623 969 2676 totum
989 2635 1024 2676 se
1044 2611 1189 2695 tradidit,

172 2751 339 2839 ingenium
372 2749 570 2816 academicae
607 2724 830 2840 philosophiae
863 2754 1068 2819 'curatissime
1103 2742 1189 2844 per-

172 2915 306 2968 uescere
319 2904 415 2978 atque
430 2894 628 2982 perscrutari
644 2872 763 2961 didicit.
804 2889 918 2981 Quum
931 2896 1019 2960 enim
1035 2898 1188 2964 omnium

36 3091 40 3100 .
171 3030 441 3124 pliilosophorum
462 3035 644 3122 disciplinas
663 3049 893 3124 perscrutatus,
917 3056 1063 3137 summos
1077 3039 1190 3106 Grae-

174 3177 241 3244 ciae
274 3177 484 3282 philosophos
515 3177 555 3242 de
581 3179 780 3281 gravissimis
814 3180 1051 3265 quaestionibus
1082 3182 1189 3249 rehe-

173 3302 305 3386 menter!
324 3319 491 3386 dissentire
510 3309 659 3426 interque
681 3343 716 3385 se
737 3320 891 3390 dissidere
913 3323 964 3406 ⁹),
984 3323 1190 3410 intelligeret,

193 3583 227 3650 8)
245 3581 287 3636 Cf·
305 3557 390 3637 Tuae.
407 3581 462 3653 Qu.
479 3586 516 3638 V.
533 3591 560 3644 1.
577 3567 615 3642 2(
627 3579 757 3634 Academ.
772 3580 800 3646 1,
820 3583 846 3638 6.
968 3650 970 3653 Ι

187 3682 225 3749 tt)
244 3659 378 3745 Academi
389 3684 430 3747 11,
447 3687 473 3740 4.
491 3681 574 3734 Tusc.
591 3685 617 3746 1,
633 3690 660 3743 9.
678 3681 722 3735 Cs.
740 3665 856 3732 omnino
873 3685 1056 3746 posteriorem
1072 3679 1140 3735 libri
1152 3681 1187 3735 11.

246 3778 476 3834 Academicorum
500 3791 621 3851 partem,
643 3779 692 3832 ubi
710 3779 744 3830 da
755 3762 862 3836 11133
880 3791 908 3832 et
925 3777 1105 3835 subtilissima
1128 3778 1188 3830 da:

247 3883 367 3946 putavit,
392 3889 418 3930 et
442 3877 655 3948 elegentissime.
