2492 4259
640 155 715 289 so
746 128 750 137 ’

109 406 119 428 .
180 363 360 452 conjuncta,
383 381 464 449 quae
483 352 563 426 nulli
582 355 768 444 disciplinae
784 347 1046 447 adstringendam
1063 369 1103 422 ‘se
1124 369 1201 424 tra·

181 509 248 588 dit,
278 509 313 574 in
333 503 500 570 Ciceronis
517 500 748 589 philosophicis
768 501 896 589 scriptis
916 476 1059 609 inarime
1080 502 1201 567 elucet.

179 654 310 738 Itaque,
344 659 380 713 ut
409 643 506 711 firmo
533 644 594 708 bac
622 644 659 708 in
687 667 723 708 re
746 643 912 711 incederet
943 644 1042 732 pede,
1076 643 1201 709 acade-

124 829 129 834 -
151 839 165 852 .
178 793 264 860 mico
284 796 378 857 mo're
397 785 607 877 philosophos
628 799 741 852 contra
760 741 970 874 philosophos
992 784 1199 895 (deputantes

178 936 352 1015 inducens,
378 932 510 997 adrem
533 943 682 997 accusate
708 930 936 996 excutiendam
958 932 1197 1015 veritatemque

122 1091 127 1101 '
177 1047 411 1164 inquirendam
425 1071 652 1160 inutramque
674 1035 802 1160 partem
825 1073 969 1140 disserit:
988 1085 1044 1156 ut,
1064 1057 1143 1160 quid
1157 1072 1197 1138 in

111 1279 122 1318 ,Ι
178 1234 317 1308 utraque¹
326 1231 419 1307 parte
432 1229 521 1282 recte
533 1229 630 1303 atque
640 1215 859 1303 probabiliter,
877 1215 955 1303 quid
970 1237 1090 1303 parum
1104 1229 1196 1281 recte

178 1363 378 1452 disputatum
399 1361 457 1442 ait,
488 1381 530 1426 ex
551 1325 615 1423 hoc
642 1323 733 1444 quasi
750 1359 991 1458 sententiarumv
1015 1381 1195 1445 earumque

177 1517 446 1594 argumentorum
462 1524 499 1567 ao
521 1502 687 1567 rationum
701 1500 854 1568 conflictu
876 1501 1017 1569 inveniri
1032 1504 1138 1590 possit
1152 1503 1193 1589 ⁹).

176 1620 317 1714 Socratis
343 1654 488 1729 morem,
518 1665 617 1733 quem
644 1642 827 1710 Carneades
852 1666 981 1733 quoque
1007 1646 1195 1713 acutissime

170 1789 461 1888 ¹copiosissimeque
498 1789 619 1869 tenuit,
666 1799 836 1874 sequutus,
873 1810 966 1852 suam
1004 1789 1074 1876 ipse
1113 1811 1194 1856 sen-

175 1934 310 2000 tentiam
332 1933 428 2012 texit,
449 1937 561 1996 errore
586 1929 663 1995 alios
682 1925 807 2018 levare,
825 1941 858 1995 et
877 1930 913 1996 in
934 1926 1025 1997 omni
1041 1931 1194 2020 disputa-

176 2077 265 2142 tione
297 2074 373 2161 quid
413 2084 495 2137 esset
524 2071 724 2147 simillimum
760 2075 832 2140 veri
839 2121 864 2154 ,.
878 2061 1045 2160 qliaerere
1058 2075 1193 2158 studuit,

177 2227 228 2297 et,
257 2218 311 2304 qui
341 2216 523 2303 requirant,
562 2216 639 2302 quid
671 2237 797 2303 quaque
822 2215 862 2281 de
889 2239 926 2282 re
961 2218 1031 2305 ipse
1053 2207 1194 2303 sentiat,

173 2383 616 2412 a---...-..-......

171 2503 225 2575 ²9)
243 2505 286 2562 cf.
302 2507 425 2561 Meiuers
449 2497 537 2558 cerm(
548 2503 618 2576 phil.
636 2503 784 2584 Scbnstegt.
807 2505 843 2557 T.
853 2507 874 2558 l.
899 2521 926 2573 p·
937 2510 1000 2566 292.
1024 2506 1189 2561 Disertissi-

246 2611 299 2659 rnis
317 2605 370 2660 hac
387 2606 421 2658 de
439 2624 469 2660 re
487 2603 579 2658 verbis
595 2609 657 2674 ipse
676 2603 774 2656 Cicero
791 2606 922 2670 exposuit
940 2604 1024 2661 Tuse.
1043 2602 1099 2675 Qu.
1116 2607 1147 2669 I,
1162 2612 1190 2666 4.

244 2701 345 2757 “fiebat
362 2716 453 2758 autem
473 2709 526 2769 ita,
543 2718 590 2770 ut,
606 2721 693 2771 quum
709 2707 748 2759 is,
765 2705 815 2771 qui
832 2703 928 2755 audire
946 2705 1043 2765 vellet,
1060 2705 1191 2772 dixisset,
1226 2738 1227 2747 κ

145 2809 150 2816 ’
246 2801 314 2870 qnid
338 2797 394 2854 sibi
418 2804 573 2869 rideretur,
596 2816 657 2856 turn
680 2818 733 2870 ego
757 2815 858 2855 contre
877 2803 1015 2856 dicerem:
1046 2799 1117 2856 haec
1144 2816 1190 2857 est

244 2905 335 2964 enim,
349 2895 383 2953 ut
398 2907 463 2969 scis,
480 2913 560 2958 retus
575 2914 604 2956 et
627 2881 761 2957 socratica
778 2907 850 2955 ratio
868 2913 964 2954 contra
981 2901 1096 2955 alterius
1121 2910 1189 2971 opi-

211 3053 217 3066 ,
244 3005 358 3054 nionem
376 2999 544 3066 disserendi;
561 3018 627 3055 nam
643 3005 682 3054 ita
699 3000 847 3060 sacillum,
864 3001 932 3070 quid
950 3004 1187 3057 verisimillimum

245 3111 332 3162 esset,
349 3103 470 3154 inveniri
487 3115 578 3168 posse,
596 3099 727 3155 Socrates
740 3093 993 3155 arbitrabatur·
1007 3100 1051 3155 Cf.
1068 3102 1185 3158 Tuscul.

243 3193 299 3266 Qu.
314 3199 351 3251 V·
375 3215 399 3272 o.
413 3204 440 3258 cl.
471 3198 555 3268 Cujus
583 3201 633 3266 (sc.
656 3195 790 3265 Socratis)
813 3202 962 3268 multiplex
988 3207 1059 3255 ratio
1084 3203 1186 3272 dispu-
1224 3248 1225 3261 ,

243 3285 334 3367 tandi,
357 3312 506 3368 rerumque
532 3303 650 3353 varietas
673 3310 700 3374 et
723 3302 1033 3370 ingeniilmaguitudm
1057 3303 1184 3356 Platonis
1224 3322 1225 3327 ¹

158 3441 161 3452 ‚
212 3397 216 3404 '
241 3399 376 3448 meruoria
393 3407 421 3448 ot
438 3398 538 3451 litteris
556 3411 729 3465 consecrata,
750 3399 831 3468 plura
849 3417 949 3470 genera
968 3398 1061 3454 effecit
1075 3383 1183 3455 dissen-

243 3497 373 3546 tientium
401 3488 646 3566 philosophouui'a.
687 3499 710 3550 E
737 3497 839 3566 quibus
867 3499 977 3558 nos.id
1004 3505 1182 3568 potissimum
1223 3544 1224 3567 ἶ

243 3598 387 3647 consecuti
410 3612 520 3654 sumus.
543 3613 600 3666 quo
618 3595 761 3650 Socratem
781 3615 864 3652 usum
881 3597 1064 3668 arbitramur,
1081 3614 1114 3653 ut
1130 3620 1183 3654 uo·

221 3735 223 3740 .
243 3699 328 3758 stram
353 3697 408 3761 ipsi
430 3701 594 3748 seutentiam
611 3708 784 3766 tegeremus,
807 3715 902 3752 errore
926 3700 997 3752 alios
1019 3702 1182 3768 levaremus,
1223 3748 1224 3767 ,

243 3801 271 3844 et
286 3795 316 3844 iu
335 3797 411 3845 omni
428 3791 630 3866 ditpqtatiobe,
645 3796 715 3864 quid
730 3806 802 3851 esset
819 3797 996 3854 simillimum
1007 3803 1083 3866 reri,
1096 3816 1181 3870 quae·
1222 3807 1223 3847 l

243 3905 375 3945 rereruus.
