2492 4259
587 145 717 232 *218
972 152 1008 184 '¹

1082 251 1098 279 ι,

161 350 350 436 cornilium,
377 351 468 440 quod
496 349 533 444 in
566 351 618 418 his
645 352 725 418 locis
757 365 917 440 sequutus
941 368 1010 456 est,
1042 355 1182 446 diligenss

160 496 283 562 tissime
300 505 349 562 est
370 491 712 616 animadvertendum·
733 493 774 560 de
794 519 858 584 qua
880 497 1013 586 quidem
1027 525 1068 567 re
1081 524 1183 591 supra

109 633 264 710 fusius
294 637 490 725 uberiusque
522 608 733 725 enposuimus
756 638 800 723 ἵ).

178 919 210 988 7)
228 921 265 974 V.
282 937 307 974 c.
329 918 364 972 ad
389 918 666 982 Divers.v,16·-
690 913 728 966 V.
759 929 803 980 ep·
825 913 925 969 ultime
938 917 990 970 VI.
1009 923 1103 994 2153.
1123 918 1181 986 (4):

169 1089 174 1094 q
231 1025 261 1074 in
285 1017 388 1088 quibus
413 1019 539 1086 epistolis
558 1015 701 1070 Ciceronis
727 1012 877 1064 eonsilium
904 1026 963 1067 erat
986 1018 1094 1069 amicos
1111 1017 1181 1070 inie-

230 1120 299 1171 lices
309 1117 487 1170 consolandi:
501 1116 568 1168 hinc
586 1125 653 1168 nota
670 1111 719 1164 illa
738 1111 875 1176 disiuncta
892 1113 1075 1166 conclusione
1087 1119 1182 1171 utitur,

232 1230 265 1270 ut
289 1217 459 1289 ostenderet,
477 1225 597 1268 mortem
620 1231 681 1269 nou
696 1215 729 1262 in
749 1211 830 1262 malis
848 1227 909 1264 esse
934 1210 1110 1279 ducendam,
1125 1219 1181 1266 sive

233 1321 343 1370 arinnus
353 1296 447 1368 noster
458 1325 522 1382 post
532 1323 652 1365 mortem
668 1313 840 1362 interiturus
849 1313 894 1373 sit,
904 1314 962 1362 sire
975 1327 1182 1378 permansurus.

231 1417 268 1470 Et
290 1433 379 1484 quum
411 1429 509 1466 eorum
543 1411 577 1462 ed
602 1426 674 1478 quos
698 1406 750 1459 lias
772 1409 904 1474 epistolas
929 1413 1041 1476 scripsit
1059 1415 1181 1463 anianum

231 1519 432 1584 ingeniumque
466 1513 611 1580 cognitum
641 1505 771 1570 haberet,
795 1521 841 1557 θαι
866 1509 1031 1565 consolandi
1059 1514 1181 1564 rationes

232 1609 375 1676 adhibuit,
402 1626 472 1679 quae
497 1610 619 1666 maxime
644 1608 681 1656 ιιι
708 1617 909 1658 consentaneae
934 1607 1106 1662 viderentur.
1148 1609 1180 1660 Et

233 1729 299 1765 vero
325 1715 410 1765 etiam
433 1705 586 1762 tenendum
610 1715 667 1770 est,
685 1711 790 1757 amicos
814 1705 895 1771 illos,
920 1707 1045 1760 eruditos
1069 1700 1181 1778 quidem

233 1811 378 1879 bormtque
412 1812 487 1860 ciues
515 1804 647 1857 romanos
678 1802 783 1869 fuisse,
814 1804 864 1857 sed
894 1810 1042 1873 epicureae
1074 1809 1180 1861 deditos

235 1909 417 1978 disciplinae,
434 1907 562 1974 inprimis
581 1883 764 1970 Torquatum.
782 1902 825 1957 Ci.
841 1906 901 1958 Fin.
917 1907 939 1958 1.
957 1912 984 1964 5·
1009 1900 1181 1960 V.‘Memoi-

233 2026 277 2061 res
296 2009 330 2060 de
348 2005 519 2058 l’Academie
538 2003 585 2054 des
603 2004 784 2066 inscriptions
802 2001 821 2053 l.
840 2018 864 2054 c.
881 2018 909 2069 p.
926 2007 972 2062 96.
1006 2005 1052 2058 En
1068 2008 1181 2060 illorum

149 2109 152 2118 ’
234 2113 294 2174 ipsa
323 2103 419 2156 schola
447 2103 529 2154 ducta
554 2107 717 2170 argumenta
751 2080 873 2166 profert,
900 2081 973 2170 qnae
1004 2118 1042 2156 ex
1069 2105 1182 2174 Epicuri

234 2183 351 2260 decretis
392 2205 428 2280 ad
460 2201 527 2256 illos
562 2197 755 2252 consolandos
788 2203 847 2251 sim
885 2215 1014 2254 exserere
1047 2203 1181 2268 debebam

229 2301 461 2359 efficacissimam·
496 2297 591 2367 Quum
616 2284 686 2351 sero
711 2283 936 2360 dicitfmortem
962 2316 1023 2354 esse
1059 2310 1182 2358 omnium

173 2399 180 2430 ³
234 2418 330 2456 rerum
350 2413 516 2461 extremam,
534 2410 752 2466 nostrorumque
770 2393 909 2453 malorum
926 2398 1027 2466 finem,
1045 2401 1080 2456 de
1097 2399 1183 2456 morte

143 2545 156 2574 a
233 2519 303 2571 quae
322 2501 425 2557 dicitur
443 2497 574 2566 physica,
599 2512 671 2564 quae
696 2513 762 2549 sane
779 2497 919 2549 malorum
936 2505 1032 2566 potius
1060 2508 1183 2580 cessatio,

234 2619 317 2670 quam
353 2601 458 2655 atralum
487 2595 601 2663 aliquod
637 2599 729 2661 ipsum
756 2595 881 2648 ducenda
908 2609 964 2664 est,
991 2600 1074 2668 loqui
1099 2603 1183 2656 sideri

148 2687 149 2691 ¹
235 2679 349 2769 potest-⁴
372 2699 449 2750 Mors
468 2699 542 2747 enim
561 2698 723 2760 saepissime
741 2699 868 2747 omnium
882 2697 966 2763 hujus
984 2710 1075 2754 terrae
1093 2719 1182 2755 rerum

145 2825 148 2830 ·
234 2799 298 2850 finis
324 2811 401 2860 esse,
428 2809 519 2862 neque
548 2809 662 2844 sensum
688 2794 810 2861 aliquem
834 2807 948 2853 eorum,
973 2814 1047 2866 quae
1064 2805 1095 2854 in
1112 2813 1181 2854 terra

235 2896 320 2958 fiunt,
347 2893 506 2960 relinquere
538 2892 650 2944 dicitur.
692 2888 778 2960 Quod
807 2897 838 2946 in
865 2890 946 2948 Orat·
969 2875 1022 2965 pro
1055 2900 1181 2954 Cluentio

234 2969 609 3059 dictum·*est,.¹neutiqnam
628 2990 770 3060 'infringit
793 3000 957 3046 sententiam
981 2987 1115 3053 nostram.
1150 3000 1182 3052 V.

171 3083 178 3094 ²
235 3111 326 3160 supra.
345 3091 451 3144 Scholt.
470 3090 490 3142 l.
509 3107 533 3140 c·
553 3106 578 3157 p.
594 3095 639 3148 67·
658 3084 829 3156 Ba'ylsntet.
842 3092 915 3146 Hist.
926 3076 993 3148 crit.
1011 3098 1180 3153 s.·v.'Ce'sar.

234 3205 292 3246 not.
317 3191 353 3244 H.
378 3189 434 3243 Cic.
460 3189 494 3242 de
520 3183 600 3251 Orat·
612 3189 650 3241 11.
674 3194 701 3248 7.
733 3189 897 3245 Plus'vm
915 3192 1003 3246 Cicer.
1028 3212 1056 3263 p.
1071 3204 1133 3258 132,
1150 3223 1180 3238 .-

235 3295 266 3344 Ιιι
292 3291 378 3342 altera
406 3279 492 3356 primi
521 3287 747 3339 Tusculanarum
773 3301 867 3356 parte·
882 3297 1006 3345 animum
1040 3300 1180 3350 mortalem

235 3395 335 3461 ponit,v
350 3400 433 3456 etque
452 3401 550 3440 eorum
582 3390 642 3453 qui>
659 3365 732 3438 hanc
756 3389 907 3455 amplexati
935 3405 1005 3445 sunt
1024 3400 1181 3463 opinionem

236 3497 330 3544 omnia
366 3477 510 3544 enumerat
543 3498 721 3556 argumenta:
754 3480 830 3555 quo‘d
861 3469 1035 3557 pertimeo
1066 3498 1179 3548 oonsilio

167 3658 169 3668 Α
236 3575 339 3642 lactum
359 3587 447 3639 videri
464 3597 570 3654 potest,
590 3597 620 3638 ut
647 3585 750 3638 horum
768 3602 996 3656 argumentorum
1024 3593 1180 3645 infirmitate

234 3701 316 3756 atque
342 3681 532 3738 imbecillitate
559 3686 608 3736 illa
633 3668 796 3753 argumenta
821 3691 852 3739 in
869 3679 960 3754 prima
978 3693 1100 3758 ejusdem
1119 3692 1180 3746 libri

236 3799 312 3855 parte
343 3783 377 3835 ad
412 3781 583 3850 probandam
621 3788 777 3838 animorum
810 3790 1046 3844 immortalitatem
1077 3806 1181 3844 enotata

236 3887 325 3939 multo
352 3883 455 3935 clarius
490 3883 766 3952 exsplendescemnt,
793 3903 824 3937 ac
849 3888 939 3942 inulto
973 3861 1103 3962 majorem
1128 3898 1180 3945 sim
