2492 4259
170 389 282 479 gendis
310 384 417 451 sobrie
448 385 679 469 moderateque
708 384 820 450 orandi
847 384 1027 470 praeceptis
1049 383 1081 466 ⁸)
1112 406 1195 446 cum

171 524 393 617 philosophiae
423 524 582 608 gravitate
612 537 709 611 atque
747 523 931 588 austeritate
967 520 1195 585 admirabilem

173 635 465 759 quandam-artem
493 664 656 752 probavit.
706 665 798 728 Inter
819 660 982 749 publicam
1008 660 1097 723 enim
1118 661 1197 723 elo-

132 891 134 895 ,
173 813 338 899 quentiam
360 823 399 875 et
423 810 602 873 contritum
629 808 880 892 vulgaremque,
914 814 1010 887 atque
1036 802 1194 866 tetricum

173 979 209 1020 ac
233 946 397 1019 difficilem
418 942 606 1015 sermonem
627 952 729 1030 quum
759 964 888 1029 semper
912 940 1056 1005 medium
1077 952 1196 1005 tenere

173 1071 348 1172 studuerit,
369 1086 533 1176 aequabile
552 1042 724 1169 quoddam¹
735 1095 767 1147 et
788 1092 1007 1169 temperatum
1020 1081 1196 1175 ¹quietum-

176 1256 239 1320 que
258 1232 366 1297 extitit
388 1207 543 1295 orationis
562 1207 663 1312 genus
686 1222 729 1306 ⁹).
772 1222 918 1302 Verum,
953 1204 1016 1285 etsi
1040 1220 1195 1305 plerum-

174 1393 237 1456 que
262 1372 298 1458 ia
319 1366 554 1454 philosophicis
584 1360 859 1448 disquisitionibus
886 1362 953 1446 ejus
982 1382 1090 1426 sermo
1119 1361 1197 1448 pla·

176 1508 240 1573 cidi
257 1508 405 1571 fluminis
421 1506 521 1570 instar
544 1503 713 1583 decurrat,
734 1522 863 1590 semper
883 1514 992 1567 tamon
1010 1500 1196 1589 prudenter

174 1646 286 1712 stilum
313 1625 353 1709 ad
371 1645 428 1711 rei
458 1666 556 1732 quam
580 1638 794 1732 pertractavit
821 1654 1026 1708 momentum
1056 1644 1197 1709 concin-

173 1767 279 1851 nav-it
292 1785 353 1867 t),
384 1786 426 1849 In
444 1782 664 1849 subtilioribus
688 1781 776 1847 enim
796 1783 994 1869 argumentis
1018 1796 1232 1873 exponen
1231 1758 1232 1761 Ἴ

175 1924 347 1997 discretio
366 1889 561 2008 plerumque
580 1943 664 2008 pura
681 1935 731 1987 est
752 1936 847 2009 atque
869 1922 1004 1989 dilucida
1024 1923 1077 2005 ²‚)
1095 1922 1196 1987 nullis

176 2060 325 2129 adhibitis
350 2043 509 2125 sermome
530 2058 687 2129 illecebris
709 2084 746 2127 ao
772 2061 956 2144 lenociniis,
984 2082 1088 2148 quum
1109 2084 1196 2128 vero

191 2366 224 2434 8)
242 2366 285 2420 Gi.
299 2356 370 2419 'Cin
396 2366 430 2419 de
455 2368 524 2419 clar.
547 2376 616 2418 orat.
634 2373 680 2427 90.
713 2370 773 2421 Fin.
788 2370 829 2435 ll,
845 2374 872 2428 5.
904 2366 941 2421 cl.
964 2366 1104 2420 thccius
1128 2365 1149 2417 l.
1170 2381 1197 2417 e.

244 2484 273 2533 p.
290 2448 341 2524 113
357 2483 396 2538 sq.
422 2464 478 2519 Cic.
497 2460 555 2519 Off.
573 2468 601 2538 1,
621 2474 646 2523 1.
665 2464 715 2517 ubi
733 2482 760 2518 v·
777 2465 867 2520 Beier.
883 2468 944 2519 Fin·
958 2468 984 2532 l,
999 2471 1026 2526 3.
1062 2467 1126 2533 lpse
1144 2463 1195 2517 Ci-

246 2582 312 2617 cero
344 2564 416 2616 hauc
450 2562 605 2632 perfectam
634 2564 844 2633 philosophiam
874 2554 1021 2632 judicavit,
1054 2581 1126 2633 quae
1157 2563 1194 2615 de

244 2669 375 2715 maximis
405 2660 615 2730 quaestionibus
648 2666 762 2730 copiose
786 2675 881 2733 posset
911 2675 1063 2731 omateque
1092 2662 1198 2719 dicere·

217 2798 220 2804 ,
244 2763 283 2813 V·
301 2763 385 2813 Tusc·
403 2757 501 2828 Qui,
519 2766 545 2819 3.
564 2765 591 2819 4.

192 2873 224 2945 9)
242 2873 285 2929 ci.
305 2874 363 2928 cic.
381 2872 462 2931 Ollio.
479 2881 508 2945 1,
526 2888 551 2939 1.
569 2896 602 2955 p.⁴
612 2884 640 2940 8.
658 2878 726 2962 edit3
740 2878 830 2935 Beier.

192 2994 224 3063 1)
242 2996 385 3063 Tanquam
412 3000 554 3067 exernplar
587 2998 642 3051 sibi
667 2996 719 3053 hac
744 3004 776 3065 in
802 3014 832 3053 re
865 3004 1046 3069 proposuisse
1082 3000 1196 3057 videtur

246 3092 391 3147 Platonem
409 3108 436 3163 et
454 3111 560 3178 veteres
577 3077 759 3152 Academicos
778 3116 809 3151 ac
826 3099 1041 3169 Peripateticos,
1062 3104 1114 3168 qui
1133 3106 1194 3170 ipsa

244 3193 310 3271 illa,
328 3210 398 3259 quau
417 3195 556 3249 subtiliter
572 3196 732 3259 disserenda
748 3210 841 3265 eraut,
858 3199 945 3267 polite
963 3212 1082 3267 apteque
1100 3201 1195 3255 dicere

247 3290 409 3343 studebant:
447 3294 561 3359 deiude,
585 3312 657 3362 quae
685 3297 863 3365 requirebant
894 3302 1195 3353 orationemornatam
1229 3290 1230 3297 ¹

246 3387 273 3441 et
300 3390 427 3475 gravem,
451 3392 598 3461 magnifice
618 3394 779 3449 dictasunt
804 3395 838 3449 ab
856 3397 913 3449 illis
931 3407 1013 3465 atque
1031 3398 1194 3465 splendide:

198 3487 362 3565 grandia
376 3502 487 3568 ornate,
502 3494 644 3547 enucleate
654 3499 763 3547 minora
778 3494 869 3549 dicere
880 3496 1018 3557 uolebant
1033 3499 1096 3551 Fiu·
1106 3500 1159 3565 IV,
1168 3502 1230 3561 3

193 3606 225 3675 2)
243 3606 300 3660 Cic·
317 3608 378 3661 Fin.
395 3599 448 3671 lll
464 3619 490 3670 5.
508 3610 558 3665 ubi
575 3613 666 3665 addin
660 3608 774 3665 ·Ornue
792 3614 867 3681 quod
882 3614 916 3667 de
934 3630 964 3665 re
977 3612 1049 3667 bona
1067 3613 1193 3669 dilucide

170 3725 172 3728 ·
246 3706 368 3770 dicitur‚'
380 3710 451 3761 mihi
468 3713 608 3778 praeclare
626 3712 683 3763 dici
701 3712 823 3775 videtum
840 3718 920 3766 istius
939 3713 1016 3764 modi
1033 3724 1127 3766 autem
1148 3733 1193 3769 res

246 3804 338 3857 dicere
356 3820 452 3860 ornate
471 3809 542 3861 velle
550 3811 684 3876 ,puerile
704 3822 760 3872 est3
785 3811 867 3879 plane
886 3822 979 3863 autem
997 3824 1025 3864 et
1042 3818 1193 3882 perspicue

246 3903 378 3972 expedire
396 3923 493 3973 posse,
517 3906 595 3959 docti
613 3920 641 3960 et
657 3910 839 3979 intelligentis
863 3914 925 3963 viri.
941 3936 978 3955 ··
