2492 4259
229 1311 946 1457 exeuntum·
1140 1383 1176 1476 fl

554 1739 582 1805 Ι.

58 1972 61 1977 ,
130 1909 324 1999 Antiquitas,
342 1911 392 1977 uti
410 1929 524 1999 rerum
545 1918 711 2001 gestarum
731 1908 890 2000 glorisso
910 1914 1077 1999 majestate
1130 1897 1132 1904 ⁵

69 2048 204 2117 animum
238 2062 389 2116 nostrum
423 2048 565 2139 aduertit
598 2046 764 2134 rapitques
799 2049 856 2115 ita‘
878 2050 1076 2125 admirabilia

69 2201 157 2276 atque
186 2189 297 2257 divina
331 2188 461 2275 ingenia
494 2189 647 2276 protulit,
689 2207 831 2275 qnorum
862 2211 1086 2277 monumenta

69 2300 131 2393 ion
151 2330 257 2394 solum
277 2329 478 2417 temporibus
502 2322 577 2411 illis,
608 2325 725 2415 quibus
752 2290 934 2397 litterarum
963 2335 1076 2403 lumen
1130 2371 1133 2380 ·

69 2468 151 2552 quasi
169 2465 352 2532 extinctum
382 2482 465 2551 erat,
498 2481 593 2556 atque
620 2466 731 2532 omnia
759 2466 956 2566 densissimis
976 2447 1083 2561 igno-t

67 2609 180 2674 rsutiae
200 2606 343 2675 tenebris
373 2613 498 2699 sepulta
526 2621 622 2693 atque
640 2604 758 2667 obruta
784 2606 947 2689 jacebant,
975 2636 1074 2681 roru-
1114 2594 1119 2602 Ι
1194 2640 1202 2665 s

69 2753 219 2819 stantium
240 2751 383 2825 siderum
397 2750 500 2819 instar
517 2745 673 2828 divinitus
688 2741 788 2808 veluti
807 2737 920 2813 exorta
931 2772 1073 2821 crassam

67 2894 153 2958 istam
175 2892 381 2982 ignorantiae
414 2886 716 2975 superstitionisque
746 2886 915 2976 caliginem
943 2871 1072 2965 salutari

68 3030 200 3115 quodam
218 3026 345 3119 fulgore
364 3027 585 3114 dispulerant,
615 3036 649 3093 et
668 3026 757 3093 viam
776 3025 817 3093 ad
839 3049 958 3095 vetum
975 3034 1072 3120 iuge-

68 3170 106 3235 nii
134 3170 260 3235 eulttrm
286 3167 587 3259 humanitatemque
623 3176 911 3247 monstraverunt3
951 3192 1070 3241 verum

68 3311 153 3377 etiam
173 3310 294 3377 nostris
314 3304 533 3395 temporibus,
559 3305 595 3371 in
622 3303 772 3373 omnium
797 3305 917 3371 artium
945 3309 1072 3380 littera·

66 3472 197 3539 rumque
217 3446 407 3543 splendore,
442 3455 598 3531 tauquam
627 3454 757 3509 aeterna
778 3447 980 3551 exemplaria
1007 3474 1070 3520 ex.

67 3601 141 3674 tant,
168 3611 251 3677 quae
271 3586 469 3653 admiramur
492 3584 592 3667 'atque
618 3584 827 3651 aemulamur.
875 3586 971 3674 Quae
996 3596 1092 3675 qui:

67 3728 130 3796 dem
157 3750 276 3817 magna
302 3721 430 3812 ingenia
451 3719 478 3787 si
503 3722 634 3808 penitus
663 3748 858 3817 cognosoere
886 3738 982 3813 atque
1006 3730 1070 3827 rite
1134 3807 1140 3818 ,

42 3868 45 3875 ’
67 3866 230 3955 dijudicare
252 3866 413 3948 volumus,
434 3862 497 3929 hoc
516 3864 725 3953 potissimum
748 3868 917 3960 diligenter
938 3866 1069 3933 videtur

880 4024 900 4089 1
962 4078 965 4084 ,
