2492 4259
781 290 789 297 .
1224 250 1226 312 l

158 349 233 406 cnm
268 317 322 420 eo,
361 337 446 424 quod
477 339 554 403 utile
586 339 733 423 videtur,
767 347 931 432 quomodo
956 373 1000 417 ea
1034 352 1175 423 discerni
1224 328 1226 378 l

156 494 332 590 oporteret.

425 758 515 826 xv.
559 710 904 854 eonrmunrlo.
952 742 958 749 ’

211 920 328 1006 ‘Saepe
349 917 439 981 enim
468 929 619 1006 tempore
635 915 689 998 fit,
719 931 756 983 ut
763 968 773 1002 ,
803 925 889 1008 quod
910 937 1007 1016 turpe
1027 932 1177 1018 plerum·
1224 970 1226 1045 Ξ

166 1200 277 1266 caedes
298 1200 450 1288 tyranni,
472 1221 552 1288 quae
572 1195 712 1260 multum
732 1201 944 1275 emolumenti
964 1211 1069 1278 affert.
1109 1217 1178 1283 Ita-

98 1345 102 1368 '
167 1364 245 1430 que,
274 1359 342 1404 non
370 1306 407 1404 ul
437 1333 605 1422 aliquando
630 1344 899 1419 anteponeremus
922 1346 1009 1413 utilia
1028 1349 1180 1440 honestis,
1224 1382 1226 1425 t

165 1082 240 1147 que·
254 1057 368 1124 haberi
397 1059 512 1157 soleat,
548 1058 735 1123 inveniatur
762 1082 831 1126 non
856 1085 925 1126 esse
940 1078 1064 1156 turpe,
1095 1095 1130 1139 v.
1152 1100 1178 1140 c.
1216 1048 1226 1220 l

1224 1328 1226 1375 l

1224 1511 1226 1562 l

167 1479 222 1546 sed
244 1492 281 1544 ut
301 1479 370 1542 sinc
391 1478 454 1540 ullo
474 1494 586 1552 errore
607 1476 781 1560 dijudicare
799 1483 977 1574 possimus,
1003 1488 1031 1552 si
1053 1498 1179 1577 quando
1224 1571 1226 1589 ξ

167 1641 242 1684 cum
262 1617 331 1698 illo,
353 1615 438 1702 quod
460 1617 635 1682 honestum
655 1615 881 1721 intelligimus,
896 1614 1049 1708 'pugnare
1071 1631 1105 1696 id
1125 1637 1175 1702 vi-
1224 1594 1226 1607 Ι

169 1761 313 1842 debitur,
332 1757 421 1846 quod
440 1755 751 1845 appellamusutile,
772 1756 912 1825 formula
928 1767 1085 1848 quaedum
1101 1799 1179 1844 con.
1224 1844 1225 1871 3

170 1898 331 1968 stituenda
351 1909 415 1960 est:
435 1918 531 1981 quam
554 1896 582 1959 si
597 1916 791 1978 sequemur,
810 1899 846 1963 in
867 1910 1109 1992 comparatione
1127 1922 1196 1981 re-'

98 2083 101 2089 ,
166 2064 242 2108 rum
265 2039 304 2102 ab
326 2035 432 2112 officio
454 2007 631 2120 nunquam·
644 2039 841 2124 recedemus.
882 2016 925 2111 Et
952 2049 1031 2115 haec
1051 2043 1176 2139 quidein
1224 2022 1226 2175 l

62 2143 66 2154 .
169 2176 366 2246 formulam
387 2198 425 2239 eo
445 2175 604 2256 consistit,
628 2189 788 2243 uturum
812 2181 925 2250 debeat
944 2198 1177 2264 esseomnibus
1224 2195 1226 2321 l

131 2321 133 2324 ’
169 2319 303 2408 proposi
306 2329 391 2395 utm,
422 2327 458 2392 ut
489 2314 600 2378 eadem
633 2315 675 2378 sit
701 2314 817 2381 utilitas
845 2326 940 2391 unius
969 2334 1124 2422 cujusque
1149 2353 1177 2405 et
1224 2325 1226 2407 l

167 2460 416 2532 universorum,
440 2465 477 2517 ut
497 2455 645 2520 omnium
667 2455 784 2519 utilitas
806 2456 849 2521 sit
868 2472 1066 2554 communis,
1092 2481 1176 2543 utin
1224 2438 1226 2518 l

172 2597 349 2664 actionibus
385 2595 504 2658 uostris
539 2603 722 2667 communis
755 2605 873 2670 utilitas
908 2622 1088 2696 spectetur,
1122 2640 1175 2681 nec
1224 2648 1226 2698 ἰ

1224 2702 1226 2727 l

174 2735 237 2799 nisi
260 2731 426 2818 “hactenus
462 2747 573 2802 nostra
607 2726 778 2806 commoda
807 2756 840 2809 et
873 2733 1094 2820 emolumenta
1127 2758 1175 2840 ju·

131 2902 144 2909 ·
172 2883 291 2939 ventur
320 2893 357 2936 ac
382 2891 656 2962 promoveantur,
685 2881 713 2946 si
732 2880 829 2947 simul
858 2888 1040 2952 communis
1066 2893 1175 2958 utilitas
1224 2876 1226 2967 l

169 3001 384 3100 promovetur
399 3015 612 3104 augeturque
647 3020 696 3086 Iu
716 3023 829 3086 omnes
848 3022 987 3090 virtutes
1010 3031 1175 3098 cardinales
1224 3034 1225 3115 j

172 3151 269 3215 simul
297 3127 507 3221 communem
534 3159 703 3259 utilitatem
723 3175 880 3248 spectant.
920 3129 1176 3238 Panaetits'non
1224 3264 1225 3269 η

114 3355 119 3366 ,
170 3289 260 3354 utilia
294 3313 370 3358 oum
405 3293 548 3362 honestis
581 3321 729 3386 pugnare
764 3284 933 3385 aliquando
967 3326 1064 3391 posse
1094 3300 1178 3389 dixit,

160 3413 226 3490 ³sed
249 3435 401 3515 ea,'quae
421 3431 611 3499 viderentur
635 3439 730 3505 utilia.
771 3441 904 3510 Nihil
881 3463 963 3506 vero
983 3423 1078 3553 utile,
1099 3447 1178 3534 quod

168 3582 237 3627 non
258 3564 344 3632 idem
366 3571 559 3656 honestum,
583 3580 663 3647 nihil
679 3581 869 3663 honestum,
898 3585 986 3670 quod
1007 3608 1077 3652 non
1098 3591 1180 3654 idern
1224 3553 1226 3609 l

167 3699 245 3764 utile
267 3719 359 3772 esset.
411 3713 524 3798 Itaque
551 3692 620 3783 hon
645 3734 683 3785 ut
709 3721 879 3805 aliquando
909 3738 1180 3814 anteponeremus
1224 3656 1226 3791 l

162 3803 251 3901 utilia
280 3839 439 3933 honestis,
466 3854 527 3917 sed
559 3869 594 3918 ut
627 3881 662 3922 ea
686 3863 888 3927 sinceriore
921 3865 1180 3948 dijudicaremus,
