2492 4259
608 225 693 304 282

142 432 248 498 latinis
269 429 380 494 litteris
408 424 582 492 illustravit
607 423 796 509 civibusque
817 421 882 486 suis
905 421 1076 510 explicuit,
1109 433 1165 487 at-

142 595 204 658 que
225 593 340 636 omues
359 569 425 632 illas
441 588 544 653 paene
563 563 767 666 incredibiles
786 585 867 649 quae
889 564 924 654 in
945 563 1009 627 hoc
1030 566 1163 650 negotio

140 709 339 797 perficiendo
382 679 443 773 sibi
477 700 621 790 objectae
638 676 763 770 'erant‘
795 680 995 773 difficdltates
1039 706 1168 794 ingenii

142 851 304 936 animique
330 847 552 950 magnitudine
573 850 793 950 exsuperavit.
833 847 986 914 Latinam
1006 847 1166 932 linguam,

141 1001 234 1057 antea
270 965 309 1052 ad
348 987 572 1076 philosophiae
605 1010 703 1055 usum
742 989 878 1054 minime
914 987 1166 1079 conformatam,

140 1140 237 1214 atque
267 1126 384 1194 rudem
410 1095 631 1214 incultamque
652 1151 738 1197 uuus
759 1131 804 1194 ita
832 1128 961 1196 effinxit
983 1139 1079 1213 atque
1099 1149 1165 1190 ex-

141 1270 252 1350 coluit,
268 1281 314 1334 ut
331 1267 372 1334 ad
390 1268 619 1356 exprimendas
638 1267 878 1355 philosophioes
898 1270 1047 1337 notiones
1068 1281 1166 1355 atque

77 1467 79 1475 .
117 1385 121 1402 ¹
140 1409 353 1480 instituendas
376 1410 531 1496 cujusque
554 1408 681 1496 generis
704 1406 944 1496 philosophicas
964 1411 1166 1499 disquisitio·
1231 1442 1232 1449 ¹

139 1575 199 1616 nes
221 1547 365 1617 adhiberi
385 1561 505 1634 posset.
545 1549 720 1616 Praeclaro,
729 1547 955 1637 indefessoque
975 1575 1035 1617 suo
1055 1551 1166 1617 studio

138 1696 175 1762 in
204 1697 429 1768 Romanorum
456 1685 815 1777 animisphilosophiae
833 1711 986 1755 zamoram
1018 1691 1167 1756 accendit

140 1847 236 1921 atque
263 1833 357 1914 aluit,
390 1831 541 1915 auresque
568 1851 645 1898 suos
672 1852 772 1917 opera
805 1855 845 1896 ac
875 1833 985 1919 labore
1012 1837 1071 1897 suo
1095 1856 1166 1908 uon

136 1980 248 2044 ,solum
269 1975 441 2050 doctiores,
456 1967 687 2035 verumetiam
710 1971 859 2039 meliores
876 1972 1014 2037 reddere
1029 1971 1164 2052 studuit,

140 2101 383 2200 multorumque
419 2112 648 2176 Romanorum
681 2135 749 2176 nou
773 2113 890 2179 'solum
926 2111 1071 2199 legendi,
1104 2112 1162 2176 sed

140 2223 238 2324 etiam
270 2251 432 2334 scribendi
462 2249 565 2316 studia
594 2252 785 2351 commovit,
832 2251 903 2317 Etsi
932 2251 1061 2316 nullum
1085 2247 1163 2314 sere
1230 2268 1231 2289 ¹

140 2394 364 2488 philosophiae
395 2395 503 2458 locum
532 2392 678 2479 reliquit,
701 2412 799 2478 quem
820 2411 888 2458 uon
917 2391 1025 2459 latinis
1046 2389 1163 2495 littoris

23 2529 27 2534 ⁵
139 2541 333 2612 illustraret,
359 2553 425 2598 non
447 2531 629 2620 perfectam
646 2543 757 2596 tamen
778 2530 856 2595 artis
871 2534 1044 2618 'quandam
1063 2535 1169 2602 disci-'

138 2679 264 2766 plinam
287 2671 446 2751 condidit,
473 2694 579 2758 neque
608 2672 749 2738 condere
775 2678 898 2759 voluit3
929 2678 986 2742 sed
1013 2678 1162 2765 praecla-

135 2817 266 2904 rissima
288 2833 432 2898 quaeque
465 2824 497 2878 et
523 2812 562 2879 ad
588 2829 697 2878 mores
720 2815 972 2881 conformandos
992 2796 1160 2899 illamque

139 2963 253 3028 melius
281 2951 513 3022 instituendam
544 2951 756 3020 saluberrima
783 2955 957 3042 sapientiae
976 2969 1160 3043 praecepta,
1228 3004 1229 3013 η

139 3099 269 3167 romani
303 3093 462 3162 sermonis
505 3091 678 3178 splendore
719 3095 901 3182 expositas
933 3094 1059 3160 civibus
1093 3097 1158 3160 suis

140 3236 362 3326 cognoscenda
393 3234 574 3322 proposuit.
623 3232 804 3320 Atquesin
836 3258 891 3313 eo,
924 3213 1012 3320 quod
1041 3227 1158 3302 Cicero
1228 3232 1229 3235 ’

137 3374 376 3468 philosophiam
399 3373 484 3438 inter
507 3373 593 3440 cives
622 3375 753 3444 induxit
772 3376 1047 3465 propagavitque,
1067 3377 1159 3440 omui

139 3516 321 3611 laudatione
355 3513 522 3579 sublimior
559 3517 643 3584 mihi
675 3519 856 3615 causandus
883 3504 1025 3584 ridetur.
1067 3520 1160 3585 Haec
1227 3540 1228 3547 ¹

139 3661 236 3744 igitur
273 3665 350 3718 sunt
386 3651 557 3760 beneficia,
592 3656 707 3741 quibus
740 3659 775 3721 in
803 3654 1007 3746 philosophia
1042 3656 1159 3724 Cicero

139 3808 270 3880 gentem
316 3813 486 3858 romanam
524 3794 654 3859 ornavit
692 3809 787 3882 atque
829 3798 1026 3864 cumularit:
1077 3821 1159 3882 quae
1226 3800 1227 3803 ’

141 3943 229 3995 tarrto
276 3919 491 4016 splendidioris
530 3917 625 4018 atque
667 3936 839 4003 illustriora
874 3935 1093 4025 apparebunt,
1134 3939 1158 4002 si
