2492 4259
553 66 559 95 ‚
848 65 851 73 .

470 188 477 201 ·
533 256 536 263 Ι
620 155 705 235 168
781 228 785 241 ,

140 350 282 415 'tantum
308 349 415 435 abest,
433 365 473 419 ut
491 357 685 423 sententiam
704 367 852 461 nostram
877 344 1059 443 infrlngant
1077 368 1179 443 atque

154 488 304 573 elevent,
330 507 368 563 ut
394 498 497 586 magis
525 505 608 565 'cnm
642 485 916 565 Academicorum
946 498 1089 579 ratione,
1122 500 1179 585 qui

123 652 199 726 ⁴en
235 635 376 726 qualibet
413 639 580 729 disciplina
613 642 758 708 maxime
795 639 973 729 probabilia
1009 638 1180 729 eligebant,

159 776 286 865 egregie
314 781 477 849 conciliari
497 798 633 871 queant,
654 786 926 871 clarissimamque
946 748 1040 849 nobis
1061 738 1188 849 accen-¹

159 912 239 983 dant
258 919 365 987 lucem
387 922 428 989 de
450 948 507 1007 eo,
533 928 673 1015 quidde
695 927 806 993 diviua
825 938 942 993 natura
962 926 1079 993 Cic'ero
1101 949 1186 991 sen-·

157 1060 247 1125 serit.
288 1063 456 1133 Ciceronis
483 1070 572 1137 enim
599 1070 643 1135 de
664 1070 775 1165 diuina
787 1110 790 1117 ·
803 1082 919 1135 natura
939 1069 1097 1134 sententia
1118 1069 1178 1133 etsi

157 1219 227 1264 non
258 1202 299 1269 de
325 1208 485 1277 industria
518 1212 559 1278 ab
586 1214 659 1301 ipso
691 1213 726 1279 in
756 1212 805 1277 bis
833 1210 922 1309 libris
945 1210 1093 1299 exposita
1113 1223 1178 1289 θεὶς

118 1438 121 1445 Ι
159 1344 262 1410 exiis
282 1360 410 1434 tamen,
431 1375 513 1439 quae
533 1354 574 1419 de
596 1355 781 1421 Stoicorum
807 1355 934 1419 ratione
954 1353 1075 1430 sensit,
1094 1373 1179 1439 qno·

156 1480 331 1555 dammodo
353 1493 425 1559 elici
445 1507 562 1582 potest.
603 1498 785 1563 Enimvero
808 1496 910 1562 verba
938 1494 1080 1574 laudata,
1103 1495 1176 1579 qui·

158 1623 220 1691 bus
252 1596 326 1699 addi
357 1650 516 1724 possunt,
547 1661 630 1727 quae
667 1639 829 1732 Quintus,
864 1638 1032 1745 Ciceronis
1066 1634 1177 1715 frater,

157 1770 277 1837 stoicae
309 1775 494 1868 disciplinae
526 1782 704 1847 acerrimus
747 1745 918 1864 defensor,
952 1780 987 1845 io
1011 1765 1103 1845 ¹libro
1140 1778 1178 1841 de

156 1908 370 1985 Divinatione
387 1919 420 2004 8)
449 1924 603 2009 protulitz
640 1922 745 2007 “Ejus
773 1922 917 2005 (Cottae)
946 1920 1086 1987 orationi
1113 1942 1179 1984 non

159 2029 246 2121 sauen
273 2056 436 2144 desidero,
469 2065 546 2151 quid
573 2063 808 2154 respondeam:
831 2066 906 2131 satis
936 2063 1025 2155 enim
1047 2061 1178 2127 defensa
1229 2139 1230 2164 χ

102 2184 107 2197 ’
156 2198 272 2288 religio
292 2215 342 2269 est
363 2206 399 2271 in
417 2208 560 2273 secundo
580 2208 664 2275 libro
685 2232 704 2273 a
728 2208 868 2287 Lucilio,
890 2206 981 2290 cujus
994 2204 1177 2297 ¹disputatio

128 2310 133 2322 .
156 2331 216 2409 tibi
241 2345 322 2433 ipsi,
350 2360 387 2414 ut
413 2350 449 2416 in
479 2364 628 2437 extremo
655 2330 751 2419 tertio
780 2348 909 2431 scribis,
937 2346 977 2413 ad
1003 2347 1176 2413 veritatem

156 2499 208 2553 est
244 2492 458 2581 propensior”
500 2497 665 2583 praeclare
709 2494 861 2561 videntur
897 2489 1039 2585 probare
1074 2503 1176 2587 atque
1229 2518 1230 2577 f

153 2631 341 2715 ostendere,
365 2617 559 2703 Ciceronem
586 2636 728 2703 rationes
757 2632 888 2723 quidem
916 2635 1103 2701 Stoicorum
1126 2646 1176 2709 at-

153 2799 218 2865 que
245 2790 453 2877 argumenta,
480 2780 672 2879 conquisita
692 2780 783 2845 omni
809 2800 926 2866 opera,
953 2779 1057 2843 multa
1076 2778 1174 2843 etiam

152 2931 237 2999 levia
258 2944 292 2997 et
311 2944 333 2995 e'
352 2926 530 3011 longinquo
552 2922 700 3007 arcessita
715 2918 765 3010 ⁹),
789 2920 903 3009 quibus
925 2931 958 2983 et
975 2942 1043 2985 esse
1066 2920 1173 2999 deum,

153 3032 369 3136 otmundum
389 3068 572 3157 gubernare
596 3078 630 3131 et
651 3041 896 3145 administrare,
915 3046 1173 3129 commonstrare

152 3211 356 3302 satagebant,
386 3211 424 3279 ut
450 3233 523 3276 rem
552 3170 726 3273 obscurare
749 3208 850 3293 magis
870 3174 994 3293 xquam·
1013 3206 1172 3271 illustrare

83 3348 87 3356 ’
150 3366 185 3425 et
204 3325 281 3422 suae
308 3354 371 3442 ipsi
406 3376 534 3465 caussae
565 3350 711 3440 diffidere
737 3348 946 3431 viderentur3
972 3349 1051 3413 baec
1074 3350 1170 3436 igitur

24 3527 28 3532 ·
141 3512 341 3589 argumenta
372 3497 557 3584 repudiasse
577 3506 673 3581 atque
693 3490 893 3572 confutasse3
915 3490 970 3557 sed
1003 3492 1112 3557 multa¹
1128 3515 1168 3557 ex

152 3670 599 3695 Μ

165 3783 198 3852 8)
216 3786 311 3839 Divin.
327 3783 353 3843 l,
371 3786 396 3838 5.

170 3921 201 3961 “l
219 3916 416 3986 wittenbach·
434 3915 506 3969 Bibl·
524 3921 586 3970 crit.
612 3919 711 3976 v.111·
738 3936 764 3986 p·
778 3925 803 3978 3.
833 3933 896 3985 pag·
910 3924 954 3976 12·
