2492 4259
501 204 533 230 „
643 136 703 217 48

296 339 414 415 vrn.
458 338 521 403 nn
554 338 704 404 naurs
737 337 800 402 nn
837 316 1047 428 anmns.

78 459 79 466 ‘
172 541 175 546 .
223 485 437 570 Posteaquam
470 481 586 546 onero
617 479 764 546 inlibris
794 479 835 545 ue
857 481 1054 569 republica,
1083 485 1195 570 quans

160 632 245 722 esset
266 616 410 708 optimus
438 621 636 709 reIpublicae
656 631 776 702 status,
794 626 1009 709 exposuerat,
1036 623 1198 688 scriben-

89 807 92 814 .
161 759 241 824 sum
262 760 361 832 aram
389 761 451 828 aar
471 765 600 864 putavit
620 763 660 828 se
680 761 813 867 optma
833 763 974 850 regnat,
1004 726 1198 832 urana-

160 905 219 972 tis*
235 903 364 990 generi,
393 901 481 988 qupd
509 885 545 968 in
572 901 647 970 illis
663 901 753 967 libris
782 904 1020 988 exquisiverat,
1044 929 1195 972 consen-

162 1042 264 1149 taneis
288 1043 330 1125 t).
372 1042 523 1109 confecit
540 1013 639 1132 igitur
659 1041 761 1151 libros
778 1043 820 1108 de
839 1043 981 1132 legibus,
1001 1040 1058 1132 qui
1074 1028 1195 1110 tamen

64 1195 67 1207 '
163 1204 225 1246 nec
260 1203 385 1269 omnes,
411 1181 450 1246 ad
483 1205 544 1249 nos
580 1194 806 1272 pervenerunt
822 1183 877 1264 ²),
915 1207 1022 1272 neque
1057 1184 1195 1272 integri.

163 1321 252 1408 Usus
284 1335 333 1390 est
359 1323 464 1390 iniis
493 1323 766 1412 philosophorum
800 1347 910 1410 more,
927 1350 1012 1392 „non
1034 1339 1194 1392 veterum

163 1463 312 1544 illorum,
340 1483 461 1549 nempe
486 1463 746 1545 Socraticorum,
774 1466 924 1552 etquis
946 1467 1082 1533 Platone
1105 1486 1196 1552 pro-

163 1595 241 1665 fecti
279 1611 356 1664 sunt
393 1576 670 1667 Academicorum
709 1617 743 1670 et
762 1606 1090 1698 Peripateticorum,
1134 1606 1196 1671 sed

129 1797 132 1820 ,,
165 1739 298 1821 corum,
323 1741 380 1826 qui
406 1745 496 1827 quasi
517 1744 662 1813 officinas
689 1749 921 1827 instruxerunt
942 1748 1119 1837 sapientiae
1141 1751 1195 1834 8)ε

166 1901 248 1964 quae
280 1879 352 1944 fuse
386 1883 465 1946 olim
496 1883 746 1973 disputabantur
775 1893 980 1976 aveteribus
1007 1893 1129 1958 illisae
1152 1893 1197 1957 li-

44 2105 52 2112 *
164 2017 258 2098 bere,
287 2043 324 2084 ea
347 2019 515 2090 Ciceronis
535 2027 741 2112 temporibus
763 2054 783 2096 a
811 2033 926 2100 Stoicis
948 2023 1100 2122 inprimis
1136 2059 1196 2100 ar-

164 2157 323 2236 ticulatim
345 2159 560 2253 distincteque
588 2160 796 2240 dicebantur:
829 2175 885 2261 qui
914 2175 1063 2260 quidem,
1093 2180 1197 2243 satis-

106 2403 107 2406 Ἴ
165 2292 238 2360 fieri
269 2296 346 2363 huic
381 2299 421 2366 de
444 2304 568 2398 legibus
596 2314 670 2378 loco
692 2336 766 2398 ,non
797 2337 911 2406 posse,
943 2317 1195 2400 contendebant,

165 2437 228 2502 nisi
249 2440 424 2526 separatim
453 2444 517 2510 hoc
548 2449 672 2535 ipsum,
701 2469 836 2520 naturae
857 2477 926 2521 esse
947 2457 1015 2541 jus,
1041 2455 1195 2543 disputa-

123 2639 124 2644 ,
164 2591 257 2644 retur
273 2582 318 2664 ⁴).
373 2583 494 2653 Totam
531 2578 679 2658 universi
710 2595 792 2679 juris
827 2619 865 2661 ac
896 2570 1007 2684 legum
1041 2618 1194 2661 caussam

162 2721 208 2785 ita
236 2724 409 2810 complecti
435 2726 590 2812 instituit,
618 2746 656 2798 ut
673 2733 742 2798 vhoc
764 2736 874 2816 civile,
897 2737 984 2824 quod
1012 2737 1194 2822 dicebatur,

163 2861 199 2924 in
219 2883 363 2948 parvum
390 2866 552 2950 quendam
579 2881 612 2935 et
640 2887 816 2960 angustum
835 2877 946 2946 locum
975 2877 1193 2949 concludere-

163 3013 229 3066 tur.
268 3003 359 3074 Nam
380 3008 500 3094 primo‘
514 3021 666 3090 naturam
686 3015 769 3099 juris
791 3019 963 3115 euplicuit‚
990 3044 1126 3110 eamque
1148 3021 1209 3088 ab¹

167 3179 615 3224 Π-ᾐ-ὴ--ῄ-Γ--ῃ

86 3293 89 3298 ’
157 3277 160 3284 ·
182 3312 214 3380 1)
232 3312 290 3367 Cic.
308 3313 343 3367 de
361 3284 492 3386 Legg·.i‚
509 3322 536 3376 6.
555 3319 596 3384 11,
614 3327 659 3380 10.

182 3431 214 3498 2)
232 3431 275 3488 cf.
299 3432 416 3501 praefat·
441 3435 537 3490 Rathii
562 3439 598 3492 ad
626 3440 679 3494 hos
706 3442 796 3501 libros
822 3457 851 3499 st
875 3445 1044 3512 Goerenzii,
1059 3447 1098 3501 V.
1118 3447 1191 3517 eet,

235 3533 341 3587 lutrod.
370 3549 397 3601 p.
410 3533 509 3590 XXIII
524 3554 566 3606 sq.

182 3649 289 3723 32010.
308 3625 447 3724 deLsgg.
467 3657 496 3720 l,
516 3661 561 3716 13·
585 3656 635 3712 ubi
663 3636 716 3714 cb·
742 3659 892 3718 Turnebus
915 3673 950 3718 et·
970 3662 1190 3731 Htilsemsnnus,

214 3742 216 3752 '
237 3751 273 3800 V.
293 3749 322 3804 C.
342 3756 371 3804 in
391 3769 463 3808 vers.
968 3753 990 3768 ’

184 3870 216 3938 a)
234 3871 290 3925 cre.
308 3873 328 3924 1.
346 3890 369 3928 ο.
395 3888 454 3942 cap.
470 3868 515 3932 ra.
