2492 4259
643 104 709 214 ιι

140 328 220 416 tia,
251 299 371 416 justitia
405 342 579 412 oppressae
609 331 644 386 et
672 320 762 410 quasi
799 321 948 411 sepultae·
971 321 1179 390 videbantur.

161 474 333 544 Vitiorum
367 477 463 552 atque
489 441 661 535 ”scelerum
703 463 813 543 omnia
849 452 983 552 genera,
1019 453 1178 550 tauquam

160 618 276 708 pestis,
297 614 438 690 Romam
455 603 652 672 invadebant
672 581 706 670 el
729 603 851 670 civium
876 603 1001 669 animos
1022 623 1179 668 corrum-

72 821 74 830 ,
160 757 291 847 pebant.
341 749 404 828 Sed
431 747 548 818 eodem
576 759 742 834 tempore,
775 729 924 813 omniurn
952 754 1066 814 retum
1092 740 1177 810 facie

162 853 339 973 moveras,
367 908 485 974 magna
505 906 636 974 quoque
654 884 834 954 litteratum
860 886 1071 959 commutatio
1090 907 1176 952 oon-

158 1045 293 1126 sequuta
313 1040 371 1098 est.
411 1027 552 1108 Romani
571 1024 679 1107 enim,
696 1003 816 1092 arctius
835 1049 910 1091 eum
933 1009 1069 1101 Graecis
1090 1029 1178 1094 obn·¹

159 1175 279 1264 juncti,
306 1172 487 1238 litterarum
507 1137 700 1234 suavitatem
721 1181 754 1234 et
778 1154 986 1236 duloedinem‘
1001 1169 1177 1258 percipere

157 1315 199 1379 ab
219 1315 257 1394 iis
278 1310 452 1379 discebant.
499 1309 578 1378 Huc
597 1307 783 1387 accedebat,
814 1307 900 1396 quod
927 1307 1092 1398 principes
1114 1329 1177 1372 ro-

158 1455 265 1536 mani,
283 1454 403 1542 gloriae
424 1451 597 1541 cupiditate
617 1448 735 1546 agitati,
755 1449 803 1537 uti
823 1450 1001 1554 marianam
1018 1446 1081 1514 sibi
1097 1444 1177 1538 glo-

131 1679 135 1684 ,
157 1593 242 1672 riam
261 1592 361 1697 armis
383 1604 595 1682 pepererant,
614 1594 661 1659 ita
674 1558 714 1659 in
731 1592 845 1661 litteris
860 1611 990 1676 quoque
1010 1591 1175 1657 expellere

156 1745 253 1818 atque
283 1731 487 1826 Graecorum
519 1732 682 1801 doctrinas
714 1732 855 1802 Romam
890 1729 1070 1797 transferre
1097 1741 1175 1796 stu·

82 1964 88 1974 ¹
158 1875 317 1955 aluerunt,
343 1854 576 1964 hominemque
601 1851 781 1960 ingenuum
807 1883 841 1947 et
858 1849 1030 1943 liberaliter
1049 1871 1174 1939 educa-

156 2027 230 2090 tum
252 2012 346 2083 bonis
373 2010 680 2086 artibusimbutum
709 1999 778 2075 esse
798 2007 931 2089 debere,
959 2023 1174 2104 putavemnt.

157 2149 392 2234 Generosiores
410 2153 569 2237 Romani,
606 2158 642 2224 in
667 2158 784 2243 quibus
805 2156 953 2227 nondum
978 2155 1085 2220 omnis
1106 2177 1174 2221 ex·

158 2297 307 2364 celsitatis
326 2317 440 2367 sensus
461 2297 625 2366 extinctus
643 2305 729 2377 erat,
748 2317 850 2385 quum
870 2295 937 2370 otio
956 2295 1175 2380 abundarent,

126 2531 139 2540 „
155 2434 313 2500 desiderio
334 2433 491 2520 quodam,
511 2438 607 2506 rebus
628 2437 888 2560 cognoscendis
878 2440 1061 2528 tagoniique
1081 2440 1173 2507 doti·

149 2574 217 2648 ·bus
249 2573 433 2653 excolendis
461 2600 495 2646 se
525 2579 639 2660 dandi,
669 2553 880 2666 agitabantur
938 2558 1031 2668 Quae
1064 2557 1172 2664 quum

155 2716 201 2780 ita
220 2723 344 2798 essent,
373 2715 523 2793 omnium
544 2717 613 2784 sete
632 2721 873 2808 disciplinarum
894 2719 1079 2809 philosophi
1097 2721 1172 2786 Ro-

155 2873 250 2932 nrarn
267 2851 575 2940 commigraverunt,
596 2871 692 2946 atque
709 2857 769 2940 ibi,
791 2880 918 2930 summa
936 2861 1174 2927 illustrissimo-

155 3017 231 3060 ιιιιιι
251 2995 400 3069 virenon
424 2994 629 3092 perfruentes
647 2990 701 3062 dio
680 3002 810 3104 gnitate,
830 3002 865 3064 in
881 3024 996 3067 eorum
1017 3002 1172 3069 domibus

154 3133 266 3212 sedent
289 3155 381 3212 suam
403 3131 557 3218 fixerunt.
609 3139 765 3225 Inprimis
792 3141 961 3219 Panaetius
984 3141 1035 3224 Ι),
1066 3141 1173 3208 homo

1153 3331 1184 3361 ιι
1213 3294 1233 3380 ,i

131 3444 204 3516 8)
221 3443 368 3500 Panaetius
386 3443 546 3510 Stoicorum
570 3449 712 3500 tristitiam
728 3456 757 3497 et
775 3450 950 3512 asperitatem
966 3446 1094 3518 fugiens,
1116 3469 1172 3506 nec

169 3581 171 3586 s
224 3540 403 3596 acerbitatem
440 3549 654 3610 serrteutiarum,
702 3559 754 3600 uec
786 3546 940 3601 disserendi
973 3548 1080 3618 spinas
1102 3567 1172 3628 pro·
1229 3580 1231 3607 ι

183 3639 315 3694 bavit:
340 3640 476 3710 fuitque'
468 3660 498 3694 ιιι
516 3643 603 3694 altero
622 3659 725 3711 genere
742 3646 837 3696 mitior
845 3650 900 3710 ,tin
918 3647 1006 3700 altero
1023 3649 1174 3715 illustrior,

227 3755 391 3807 semperque
416 3738 513 3792 habuit
538 3744 569 3794 iu
596 3757 646 3793 ore
669 3741 827 3808 Platonem,
853 3743 1048 3811 Aristotelem,
1071 3749 1174 3802 Xeno·
1229 3750 1230 3753 ’

228 3823 348 3903 cratem,
375 3837 614 3907 (theophrastus,
639 3839 857 3911 Dicaearchum,
893 3857 925 3898 ut
947 3851 1037 3917 ipsius
1067 3854 1174 3919 scripta
1228 3768 1230 3903 i
