2492 4259
967 51 970 61 .
982 25 1010 60 ἱ

636 125 696 205 42

162 325 405 423 conjunctums.
453 327 516 394 Sed
539 327 662 396 itineris
691 325 847 394 maritimi
873 325 1035 395 laboribus
1064 325 1181 395 defes-

62 515 66 522 .
161 437 216 528 obs
236 465 255 504 “
262 464 403 546 Moriar,
423 465 547 553 inquit,
573 442 609 533 iii
635 468 740 558 patn'a
764 488 860 554 saepe
881 470 1034 534 servata”
1061 481 1096 536 et
1119 493 1182 536 re-
1229 518 1232 525 ⁴

161 581 330 692 g'ressurus
347 603 383 669 in
408 604 519 672 villam
545 605 579 691 ⁴)
608 605 739 672 obviam
759 607 852 673 venit
867 609 932 704 li⁸t
959 610 1015 695 qui
1037 607 1076 686 ab
1099 607 1183 672 An-

161 744 256 808 tonio
275 743 397 812 dimissi
420 756 514 810 erant
543 743 712 832 adipsum
738 745 962 823 occidendum.
987 714 1184 821 ‘Constanti

163 879 262 968 igitur
282 885 391 964 animo
412 885 524 967 servis,
548 885 603 971 qui
622 884 741 950 herum
761 908 859 951 suum
876 884 1051 951 defendere
1068 884 1181 973 parati

116 1037 117 1044 ’
163 1036 274 1106 erant,
300 1024 464 1112 deponere
489 994 651 1108 lecticam,
680 1050 743 1114 qua
772 1026 972 1117 gestabatur,
995 1038 1029 1091 et
1050 1024 1180 1111 quietos

162 1156 230 1252 pati
249 1166 336 1252 quod
358 1166 560 1252 scrs'iniqua
584 1152 716 1253 cogeret
733 1167 846 1252 jussis,
869 1166 1032 1232 cervicem
1053 1164 1182 1230 immo·
1230 1128 1232 1139 l

162 1317 231 1370 tam
263 1299 357 1370 extra
396 1306 542 1374 lecticam
574 1270 695 1372 sicariii
718 1307 884 1395 praebuit
919 1302 1184 1396 praecidendam.

160 1443 263 1510 Periit
289 1435 426 1530 magnus
460 1445 514 1510 vir
541 1467 629 1510 anno
657 1447 766 1513 aetatis
792 1447 925 1545 LXIV.
947 1447 979 1512 d.
991 1444 1181 1513 'V11.·1dus

160 1582 242 1656 Dec.
264 1583 407 1652 DCCX.
438 1606 471 1648 u.
493 1605 521 1649 c.

136 1823 142 1828 ’
161 1867 945 1959 v1.naoicanonrsmnomnroou
965 1869 1181 1937 mecum.

129 2005 135 2033 ³
195 2073 198 2078 ,
226 2009 268 2074 In
290 2008 455 2076 Ciceronis
483 2009 550 2076 vita
573 2009 620 2073 uti
654 2030 807 2096 magnam
827 2012 927 2078 animi
952 2009 1179 2077 infirmitatem

159 2159 257 2234 atque
277 2121 482 2216 timiditatem
502 2152 702 2239 reperimus,
737 2173 818 2237 quae
846 2174 890 2216 ex
917 2152 986 2235 ejus
1010 2152 1099 2217 molli
1120 2151 1178 2218 in-

162 2289 259 2376 genio
279 2298 392 2354 enatae
417 2288 588 2367 videntum
617 2289 663 2354 ita
679 2288 845 2356 mirificus
871 2291 907 2355 in
929 2312 968 2354 eo
988 2291 1094 2358 inerat
1112 2314 1179 2381 pa·
1232 2314 1233 2319 ¹

160 2431 243 2496 triac
270 2430 487 2517 libertatisque
508 2453 617 2519 amor,
647 2409 879 2516 summumque
909 2431 1101 2518 concordiae
1127 2434 1178 2500 ci-

116 2582 118 2586 ’
159 2572 254 2637 vium
283 2593 321 2636 ac
339 2574 428 2660 pacis
458 2573 598 2642 tuendae
629 2572 788 2639 studium:
825 2595 889 2659 quo
918 2574 1050 2660 quidem
1079 2577 1179 2664 plura

161 2699 328 2781 Ciceronis
349 2713 449 2793 sacta,
483 2735 564 2797 quae
588 2713 682 2778 nobis
709 2715 957 2779 inconstantiam
985 2728 1082 2803 atque
1103 2719 1179 2782 aui-

159 2855 204 2918 mi
229 2853 345 2938 abjecti
372 2852 618 2952 sollicitudinem
646 2876 784 2942 arguere
808 2855 998 2935 videantur,
1024 2857 1178 2922 excusari

158 2993 287 3060 debent.
337 2992 417 3057 Huc
447 2989 617 3056 accedebat
653 2992 838 3060 insatiabilis
879 2995 1035 3082 quaedam
1071 2967 1189 3064 laudis·

137 3132 340 3223 «gloriaeque
362 3129 582 3215 adipiscendae
601 3132 775 3218 cupiditate
797 3094 1006 3220 quam'sane,
1035 3142 1178 3206 naturali

145 3272 296 3359 ¹quadam
308 3270 477 3339 timiditate
491 3285 705 3360 temperatam
716 3290 749 3342 et
762 3279 852 3364 quasi
862 3272 1084 3366 gubernatam,
1103 3286 1177 3368 ejus

154 3411 372 3500 plurimarum
402 3413 567 3478 actionum
601 3412 729 3481 fontem
760 3429 856 3505 atque
892 3442 1037 3487 caussam
1067 3423 1176 3490 videri

173 3756 204 3826 4)
223 3757 281 3811 Liv.
311 3756 411 3826 fragm·
434 3775 477 3824 ap.
506 3755 607 3812 Senes.
631 3756 745 3815 Suasor.
759 3762 781 3818 l.
807 3765 842 3818 V.
864 3762 1030 3823 Middleton.
1047 3763 1111 3819 Lite
1139 3765 1176 3819 oi

227 3855 285 3912 Clo.
303 3856 337 3910 T.
348 3856 396 3910 lll.
421 3857 505 3910 ccxl·
529 3872 555 3924 p.
567 3861 620 3918 288
631 3875 689 3929 sqq.
1107 3881 1111 3890 ·
