2492 4259
486 47 680 203 47·

92 328 191 371 curas
219 309 256 370 in
284 305 350 370 sola
382 306 512 372 militiae
529 318 568 373 et
593 330 707 373 rernm
736 309 939 400 publicarum
969 320 1108 408 scientia,

89 455 121 505 et
153 444 189 509 in
212 432 356 531 augenda
384 448 513 535 imperii
546 414 756 537 amplitudine
777 452 979 540 collocabant.
1023 457 1107 524 Glo-

88 585 160 649 riae
189 570 593 675 cupiditate'utilitatisque
621 590 728 656 studio
750 589 853 688 flucli,
874 604 907 657 et
926 607 1034 676 metu,
1062 621 1105 662 ne

86 726 157 789 otio
179 725 341 791 lasciviret
365 726 473 813 plebs,
499 728 607 816 agitati
626 731 723 795 enixe
743 691 851 795 omnia
871 729 1045 813 faciebant,
1066 747 1103 812 ut
1175 819 1179 828 .

83 866 228 931 Romani
250 885 431 953 nunquam
445 866 515 933 sere
540 891 558 933 a
579 868 832 950 bellilaboribus
853 875 1101 958 requiescerent.
1160 869 1182 898 ”

81 1009 200 1115 Itaque
230 1010 300 1074 [leri
330 1032 413 1109 non,
430 1010 554 1097 potuit,
589 1008 669 1095 quin
690 1006 783 1073 brevi
812 1020 960 1097 tempore
983 1035 1096 1099 omncs
1178 1087 1181 1094 ¹

78 1168 185 1233 paene
214 1148 323 1232 Italiae
354 1152 491 1240 populos
521 1148 708 1235 subigerent
735 1158 831 1238 atque
856 1149 1096 1235 perdomarent,

77 1290 157 1371 Sed,
187 1292 236 1355 uti
256 1312 378 1357 nomen
397 1310 571 1355 romanum
592 1288 692 1353 armis
723 1309 761 1350 ac
792 1302 1092 1377 rerumgestarum

74 1430 249 1517 splendore
291 1432 399 1519 longe
428 1430 554 1517 lateque
579 1426 846 1516 propagabatur,
887 1428 932 1493 ita
970 1430 1089 1495 artium

72 1572 322 1657 litterarumque
348 1569 490 1635 studium
515 1569 551 1635 in
579 1569 728 1655 neglectu
756 1568 889 1651 jacebat.
946 1573 1086 1641 Devicta

89 1710 261 1791 Italinnon
279 1708 480 1802 intraihnjus
497 1718 603 1775 terrae
624 1704 706 1771 fines
723 1730 758 1770 se
778 1711 985 1794 continebant
991 1739 1002 1795 3
1026 1717 1082 1781 sed

69 1852 237 1919 insatiabili
257 1851 395 1939 quadam
414 1848 597 1937 imperandi
617 1846 790 1936 cupiditate
808 1850 965 1937 instigati,
983 1853 1080 1918 etiam

66 1993 151 2055 ultra
170 2014 260 2058 marc
278 1992 432 2071 Siciliam,
449 2002 522 2055 tum
542 1988 729 2068 Graeciam,
747 1986 861 2056 Asiam
877 1963 914 2056 'et
932 1992 1080 2068 Africam

65 2112 150 2198 bello
179 2134 382 2221 petiverunt,
412 2144 461 2213 et,
487 2129 539 2195 his
571 2095 699 2215 quoque
728 2102 829 2194 'terris
865 2144 941 2219 post
974 2137 1076 2201 mulla

63 2275 178 2338 atrocia
206 2274 328 2359 proelia
357 2270 506 2336 insuam
533 2266 686 2333 ditionem
707 2269 864 2355 redactis,
886 2276 1074 2358 Romanum

60 2404 234 2499 imperium
256 2412 298 2477 acl
324 2431 489 2475 summum
511 2385 749 2495 magnitudinis!
765 2409 927 2498 fastigium
948 2436 1071 2480 evexe-

56 2554 135 2616 runt
156 2552 197 2635 ¹).
389 2644 392 2650 Ι

118 2688 191 2766 Jam
224 2712 323 2771 vero,
350 2693 377 2757 si
401 2691 441 2756 ad
469 2692 696 2759 Romanorum
725 2688 846 2779 ingenii
866 2691 989 2755 cultum
1008 2711 1065 2755 re-

53 2830 221 2917 spicimus,
254 2832 365 2918 negari
396 2831 526 2917 quidem
559 2853 628 2896 non
663 2842 788 2919 potest,
826 2852 896 2912 eos,
924 2830 1062 2893 arctiore

52 2994 124 3034 curn
145 2930 278 3035 Graecis
299 2982 463 3036 contracta
485 2933 685 3059 cognitione,
704 2969 744 3034 ad
761 2968 920 3076 bonarum
941 2968 1061 3034 artium

50 3110 189 3177 studium
223 3066 369 3177 abimum
403 3114 590 3198 appulisses
615 3085 783 3199 nunquam
811 3090 922 3177 tamen
958 3132 1057 3174 verus

48 3262 138 3335 atque
159 3251 285 3373 integer
304 3252 356 3318 ille
373 3253 428 3338 qui
449 3276 602 3341 graecum
620 3256 781 3341 populum
799 3252 981 3331 nobilitavit
1000 3252 1055 3337 lit7

47 3404 188 3458 terarum
217 3412 309 3461 amor
341 3393 428 3481 apud
459 3394 626 3462 Romanos
654 3394 793 3483 vigebat.
848 3392 1053 3457 Graecorum

47 3596 487 3615 Μ

66 3734 92 3792 1)
109 3724 151 3785 CT.
166 3748 239 3800 quae
261 3733 400 3801 eleganter
418 3734 569 3803 disputavit
583 3738 763 3793 Tiedernann.
786 3734 860 3790 ectu
881 3699 933 3785 ‘dar
953 3730 1049 3802 speln-

108 3829 158 3884 lar.
183 3829 287 3883 Plrilos.
323 3834 355 3889 T.
365 3836 413 3889 111.
440 3840 566 3905 necqq.
