2492 4259
124 402 126 410 ,
162 323 275 403 batur,
295 297 399 409 quamv
413 290 503 410 quasi
515 331 723 406 ¹contrectatu
743 331 777 386 et
793 315 1002 386 constrictam
1022 283 1186 409 eloquen-

167 463 248 528 tiam
273 459 448 548 putabant3
481 459 551 526 siue
582 481 645 545 qua
678 461 779 526 illam·
797 460 918 545 justam
958 462 1191 547 eloquentiam,
1232 470 1233 533 l

169 621 268 690 quam
300 573 496 678 dialecticam
526 599 688 666 dilatatam
721 621 792 663 esse
820 599 918 693 protei
948 599 1116 681 dicebant,
1154 625 1194 665 se

89 751 98 758 '
175 743 331 828 tonsequi
359 763 428 808 uon
460 761 570 827 posse,
599 737 765 825 judicavit.
816 737 906 833 Huic
935 704 1044 829 igithr⁴
1062 738 1198 804 doctori

176 893 214 946 ct
229 881 297 966 ejus
322 881 443 946 artibus
464 880 563 968 uariis
586 893 683 977 atque
703 881 813 947 multis
826 878 880 946 'ita
901 885 978 960 erat,
990 875 1135 959 deditus,
1158 891 1199 942 ut
1234 894 1235 919 ³

177 1016 218 1082 ab
248 1017 531 1092 exercitationibus
557 1024 706 1090 oratoriis
736 1020 841 1084 nullus
861 1017 928 1082 dies
949 1039 1071 1082 vacuus
1098 1031 1199 1088 esset.
1234 988 1235 1021 ³

179 1153 469 1226 Commentabatur
505 1129 728 1227 declarnitans
744 1179 840 1244 saepe
874 1179 949 1223 cum
987 1159 1070 1240 aliis,
1097 1159 1200 1246 idque

179 1291 316 1361 faciebat
336 1311 377 1364 .et
398 1301 494 1367 latine
516 1313 549 1366 ct
579 1305 705 1392 saepius
727 1301 824 1366 etiam
840 1321 969 1392 graece.
1011 1298 1087 1364 Hoc
1107 1289 1201 1364 temss

181 1458 264 1523 pore
282 1439 427 1523 primurn
450 1438 489 1542 ad
513 1462 638 1504 caussas
658 1453 692 1506 et
717 1442 864 1532 privatas
885 1451 919 1505 et
933 1413 1085 1526 'publicas
1108 1437 1201 1503 adire

184 1575 291 1661 coepit
312 1577 352 1658 ⁵).
407 1579 621 1666 Posteaquam
662 1579 831 1646 biennium
869 1590 1018 1666 uersatus
1052 1591 1123 1644 erat
1166 1577 1203 1644 in

185 1716 324 1798 caussis,
353 1697 485 1808 ejusque
508 1740 630 1784 nomen
654 1721 720 1806 jam
741 1721 777 1784 in
798 1720 871 1786 foro
894 1717 1088 1787 celebratum
1120 1733 1204 1802 erat,

185 1853 309 1940 Syllae,
343 1857 397 1940 qui
430 1870 502 1925 tum
534 1835 770 1949 rempublicam
802 1880 933 1924 summo
964 1858 1103 1946 imperio
1139 1860 1204 1925 sibi

184 1992 354 2060 vindicans
374 2020 443 2062 eam
460 1997 599 2065 nefanda
616 2000 803 2066 crudelitate
820 1997 1021 2079 dilaceravit,
1046 1974 1080 2062 et
1101 2020 1205 2085 quem

119 2133 120 2138 ’
187 2131 265 2197 Sex.
292 2117 423 2202 Roscio*
444 2151 557 2206 contra
594 2141 691 2226 hujus
729 2116 966 2216 accusationem
999 2137 1208 2204 defendendo

187 2269 253 2334 ‘sibi
302 2273 468 2356 infensum
519 2279 720 2361 reddiderat,
765 2279 912 2357 sororem
962 2277 1211 2365 pertimescens,

90 2388 94 2396 Ι
124 2423 127 2428 “
192 2406 342 2474 Athenas
362 2414 529 2500 profectus
547 2429 612 2482 est:
637 2418 695 2484 ubi
714 2441 773 2484 sex
789 2439 918 2483 menses
936 2438 1013 2480 cum
1028 2415 1210 2500 Antiocho,

191 2550 313 2616 veteris
335 2548 532 2622 Academiae
561 2543 760 2626 nobilissimo
789 2573 821 2626 et
835 2555 1099 2648 ‘prudentissimo
1130 2557 1213 2644 phi-

174 2686 349 2787 losopho,
380 2695 472 2779 cujus
502 2719 602 2786 supra
622 2699 823 2764 mentionem
845 2697 998 2778 lecimus,
1027 2695 1106 2778 fuit,
1135 2712 1211 2764 stu-

196 2825 350 2918 diumque
379 2832 601 2922 philosophiae
634 2859 801 2924 nunquam
824 2836 1063 2916 intermissum,
1090 2860 1109 2901 u
1136 2839 1215 2924 pri·

96 2988 101 2998 ‘
197 2941 323 3058 maone⁸
342 2975 553 3042 adolescentia
584 2977 725 3056 cultum,
758 2986 791 3039 et
817 2995 948 3061 semper
975 2989 1124 3059 auctum,
1150 2976 1214 3042 hoc

196 3133 311 3178 rursus
339 3139 468 3186 summo
490 3131 621 3184 auctore
648 3131 681 3184 et
710 3117 844 3182 doctore
863 3117 1036 3201 renovavit
1056 3120 1100 3202 ⁶).
1142 3119 1215 3185 Eo-

199 3248 274 3316 dem
305 3264 414 3344 tamen
443 3268 592 3345 tempore
620 3256 762 3324 Athenis
793 3257 879 3349 apud
905 3257 1113 3344 Demetrium
1145 3259 1217 3346 Sy-

197 3409 291 3470 rum,
323 3405 471 3461 veterem
493 3410 525 3464 et
549 3420 618 3462 nou
650 3395 825 3485 ignobilem
847 3397 974 3468 dicendi
1007 3383 1214 3490 magistrum,

162 3610 164 3616 .
197 3587 638 3624 Μ

101 3741 134 3778 ·“
210 3737 242 3804 ὅ)
261 3734 338 3792 Brut.
363 3755 386 3791 c·
403 3747 478 3802 90..

104 3819 113 3838 ’
217 3833 249 3901 o)
267 3834 343 3890 Brut·
363 3855 385 3892 e·
400 3847 443 3900 91.
462 3837 565 3898 othe.
585 3837 639 3910 Qu.
654 3841 697 3909 n,
714 3845 757 3904 35.
788 3840 862 3893 nur.
886 3837 944 3891 esc.
973 3855 995 3891 a.
1012 3837 1063 3891 ιν.
