2492 4259
574 225 582 235 ,
636 136 692 218 16

156 337 349 428 conscripsit
365 333 415 420 8),
443 293 509 402 secl
530 321 573 402 oh
600 334 770 427 scribendi¹
784 334 1017 404 obscuritatem
1042 298 1183 430 rerum-

157 504 220 570 que
243 471 458 546 ‘subtilitatem
485 501 566 546 mox
596 479 668 548 illae
697 489 912 546 evanuerunt.

225 760 323 834 tvl.
358 707 428 832 ¹uu
454 761 734 831 rnarosrcs
761 759 1087 859 annosorum.
1116 786 1119 803 ·

221 873 399 976 Academia
430 907 679 1003 vetusstcujm
697 878 812 972 auctor
850 916 899 972 est
932 905 1041 998 Plato,
1069 901 1183 969 studio

159 1049 335 1132 Antiochi,
362 1045 598 1128 Ascalonitae,¹
613 1069 733 1138 magna
761 1047 961 1136 eloquentiae
990 1044 1084 1110 laude
1115 1043 1184 1106 llo-

159 1188 282 1268 renus,
302 1185 377 1272 qui,
403 1206 505 1270 quum
527 1187 652 1252 Stoicos
677 1199 712 1252 et
731 1188 913 1252 Platonicos
940 1153 1051 1251 uerbis
1075 1184 1204 1270 magis.

135 1349 260 1413 -quam
291 1348 329 1390 re
364 1323 549 1415 discrepare
586 1323 727 1397 diceret,
761 1335 934 1412 utramque
967 1324 1113 1391 scholam
1145 1323 1186 1387 in

161 1463 370 1532 concordiam
397 1463 544 1553 redigere
566 1474 700 1528 conatus
722 1475 788 1544 est,
813 1486 966 1553 magnam
995 1465 1113 1553 adepta
1131 1476 1186 1528 est

160 1602 396 1668 auctoritatem.
459 1563 617 1696 Lucullus
655 1603 705 1669 uti
738 1607 911 1680 *aliarumf
937 1605 1186 1693 disciplinarum

162 1744 310 1810 doctrina
342 1744 488 1812 imbutus
524 1757 611 1826 erat,
651 1747 697 1811 ita
732 1741 870 1810 mirifice
900 1750 1111 1835 amplexatus
1132 1760 1187 1812 est

156 1884 384 1982 Academiam.
425 1888 516 1954 uine
547 1899 611 1968 ea,
646 1883 734 1972 quoa
771 1850 886 1951 osias
920 1883 958 1953 in
991 1886 1185 1954 eudemius

163 2025 404 2118 quaestionibus
429 2050 505 2096 eum
528 2026 783 2114 hujusscholae
809 2025 972 2093 rationem
1001 2023 1187 2092 defenden-

162 2183 234 2238 tem
256 2168 442 2248 ,induxerit
488 2167 613 2258 Magno
651 2188 780 2256 quoque
824 2163 931 2232 studio
969 2165 1188 2233 Academiam

165 2308 290 2376 colebat
325 2271 465 2390 Brutus,
500 2307 555 2374 vir
592 2309 756 2376 excellens
791 2309 883 2374 omni
909 2329 1036 2395 genere
1069 2307 1188 2387 landis,

165 2452 241 2538 qui,
271 2449 423 2518 omnibus
451 2445 520 2514 fere
550 2448 606 2534 qui
634 2459 707 2514 tum
735 2449 898 2518 florebant
927 2451 1051 2539 graecis
1071 2449 1187 2535 philo-

163 2581 276 2669 sophis
309 2581 439 2661 auditis,
481 2577 697 2666 omnibusque
726 2581 798 2648 fere
826 2566 1000 2672 disciplinis
1036 2581 1189 2668 cogrritis,

165 2717 264 2788 etiam
296 2715 411 2782 litteris
448 2711 556 2778 latinis
596 2712 837 2802 philosophiam
868 2721 1086 2801 persequutus
1124 2723 1190 2775 est.

25 2889 29 2896 ·
151 2846 302 2936 Scripsit
328 2846 417 2912 enim
449 2843 489 2907 de
515 2847 639 2910 virtute
665 2858 699 2911 et
726 2846 767 2912 de
787 2844 900 2914 officiis
917 2846 959 2933 ⁹).
999 2848 1093 2914 Inter
1127 2867 1190 2908 eos

70 3093 74 3100 »
181 3061 512 3134 s)Ge11.XIX.‘c.1l.

183 3157 216 3227 9)
234 3153 319 3227 Quod
336 3156 435 3212 Cicero
453 3153 504 3210 Ac.
528 3151 584 3226 Qu.
598 3157 622 3222 Ι,
639 3172 663 3212 c.
678 3160 706 3216 3.
731 3153 909 3210 “Brutuso-
925 3156 1110 3226 plurumas
1132 3156 1187 3212 lit·

234 3251 304 3302 teris
334 3253 526 3318 persequitur,
556 3248 629 3302 nihil
658 3259 691 3300 ut
718 3248 818 3300 iisdem
850 3248 884 3300 de
910 3246 995 3300 rebus
1021 3265 1038 3299 a
1067 3247 1188 3302 Graecis

234 3337 401 3404 deslderes‚”
424 3339 508 3406 dicit,
530 3339 559 3392 id
579 3338 758 3408 parimodo,
779 3344 821 3391 uti
839 3341 893 3408 jam
910 3353 995 3406 supra
1012 3339 1188 3405 monuimus,

154 3424 157 3428 ’
235 3439 286 3482 aut
305 3432 393 3496 minio
418 3437 523 3498 patriae
546 3448 658 3496 eruore,
682 3441 730 3484 aut
754 3431 893 3485 Romanos
916 3429 952 3484 ed
979 3420 1050 3496 phil.
1076 3427 1186 3481 exhor-

237 3517 317 3572 tandi
337 3519 431 3573 studio
449 3517 565 3586 ductus,
591 3525 792 3587 pronunciasse
811 3522 900 3574 videri
925 3519 1016 3574 debet.
1051 3520 1187 3574 Ceterum

113 3613 118 3620 '
237 3607 273 3662 de
290 3606 380 3663 Bruto
407 3613 522 3680 ejusque
551 3615 663 3678 scriptis
688 3610 725 3664 cs.
744 3611 802 3665 Cre.
824 3612 910 3664 Tusc·
927 3613 964 3665 V·
983 3620 1012 3672 1·
1040 3613 1101 3666 Flu.
1115 3614 1138 3676 I,
1156 3618 1185 3672 3.

102 3709 115 3722 ’
166 3698 169 3704 ’
236 3697 336 3755 Senec.
366 3703 475 3771 consol.
500 3701 534 3755 sd
557 3703 687 3754 Helviam
710 3695 772 3760 ccl).
797 3715 842 3766 ep·
854 3703 900 3761 95.
923 3699 1021 3754 Daris.
1038 3699 1073 3753 ad
1086 3701 1185 3754 Tuae.

236 3792 275 3856 V,
288 3799 314 3851 1·
328 3796 401 3854 ets.
431 3781 518 3861 hayla
542 3793 609 3846 dict.
634 3791 701 3847 htst·
725 3795 786 3848 crit.
812 3807 836 3847 s.
852 3809 880 3849 τ.
902 3787 1016 3848 Brutus·
1047 3788 1185 3845 Bructer.

238 3881 304 3938 hist.
322 3882 371 3952 ph.
393 3885 429 3941 T.
440 3885 476 3939 11.
502 3901 530 3953 p·
543 3890 579 3946 29
595 3896 636 3953 sq·
1080 3905 1088 3914 =
