2492 4259
578 182 728 265 Υ144
831 303 834 309 ¹

159 356 327 455 docuit.
354 369 539 454 Etenim'
513 410 567 468 ns,
599 409 681 453 cum
704 385 819 473 quibus
850 385 978 474 agebat,
1008 410 1076 455 nou
1106 412 1192 477 per·

168 529 351 593 suasionem
385 526 540 628 aliquam,
582 548 681 612 quam
713 526 866 607 habebat,
909 528 1120 613 obtrudebat,
1156 544 1191 595 et

167 676 322 755 tanquam
353 669 520 733 oraculum
555 665 718 753 quoddam
750 668 990 772 proponebat3
1009 669 1089 735 sed
1086 670 1188 802 aptis

162 812 272 899 potius
293 783 525 894 concinnisque
543 806 850 902 interrogationibus
876 809 927 890 id,
954 808 1041 896 qnod
1061 831 1186 877 verum

162 976 234 1017 esse
262 950 412 1040 putabat,
445 972 464 1013 e
492 950 649 1034 cujusque
679 960 790 1014 mente
820 947 935 1014 elicere
965 947 1115 1014 studebat
1139 948 1184 1036 ⁹).

159 1066 229 1157 Sibi
250 1091 338 1156 enim
363 1088 541 1177 persuasit,
559 1087 763 1170 hominibus,
788 1110 865 1153 sana
884 1089 1182 1177 mente'praeditis,

159 1230 188 1295 si
208 1229 246 1295 iis
265 1250 385 1294 verum
403 1228 556 1314 quiddam
575 1239 826 1316 proponeretur,
844 1248 1023 1313 eorumque
1042 1231 1180 1295 attentio

154 1368 200 1433 'ad
229 1368 260 1433 id
283 1346 492 1454 dirigeretur,
526 1368 567 1433 de
586 1370 635 1433 rei
665 1368 802 1453 veritate
833 1378 950 1455 sponte
976 1370 1178 1465 persuaderi,

86 1553 89 1577 .
147 1476 256 1573 ¹modo
277 1528 393 1571 eorum
410 1507 513 1572 menti
533 1518 752 1588 succurretur,
773 1517 806 1572 et
821 1494 960 1575 ¹materia
982 1510 1179 1597 cognitionis

66 1612 69 1627 Ι
126 1647 195 1715 'ab
231 1623 270 1715 'iis'
302 1671 346 1715 ex
381 1670 432 1721 ses
453 1647 622 1727 eliceretnr
658 1644 770 1730 reique
814 1647 955 1734 cognitio
990 1637 1177 1737 pareretur.

113 1872 121 1899 '
152 1788 365 1884 Quapropter
384 1798 488 1851 artem
506 1806 600 1849 suam
620 1780 838 1851 obstetriciam
853 1780 1079 1877 (goesenstein)
1101 1812 1174 1855 esse

150 1929 280 2016 putavit
308 1928 357 2011 ι);
392 1949 474 2013 quae
507 1923 663 1989 nimirum
681 1936 684 1945 '
699 1924 779 1992 nihil
812 1927 902 2023 novi·
916 1938 1069 2014 pareret,
1112 1934 1172 2000 sed
1237 2016 1238 2023 ἵ

108 2097 116 2110 ⁹
149 2066 251 2133 menti
276 2077 481 2133 succurreret
496 2061 545 2134 ,ad
558 2044 781 2152 cognitiones,
802 2088 883 2153 quae
908 2066 944 2131 in
967 2070 1035 2153 ejus
1057 2053 1172 2135 reces-
1237 2038 1238 2114 i

147 2203 236 2268 sibus
257 2178 404 2291 laterent,
425 2209 616 2276 excitandas
631 2222 726 2295 atque
748 2207 949 2273 excolendas.
984 2208 1083 2273 Haec
1103 2211 1171 2299 igi-
1236 2214 1237 2294 i

145 2356 201 2450 tur
221 2345 398 2414 disserendi
418 2351 501 2416 ratio
520 2348 675 2416 incitabat
696 2347 861 2431 homines,
887 2330 925 2413 ui
952 2350 1072 2417 mentis
1092 2351 1167 2419 vim

145 2494 241 2571 atque
269 2485 371 2574 leges,
400 2500 555 2577 tanquam
577 2490 684 2556 omnis
705 2490 847 2556 veritatis
869 2486 1013 2570 sontem,
1033 2494 1166 2557 omnis-

143 2646 206 2710 que
237 2626 429 2713 cognitionis
461 2632 623 2719 principia
650 2630 874 2695 examinarent
904 2638 999 2711 atque
1023 2612 1166 2715 sitente,-

34 2827 36 2832 .
139 2776 225 2828 rent·
258 2767 379 2852 Itaque,
397 2770 529 2855 alicujus
543 2771 591 2835 rei
609 2762 828 2858 cognitionem
848 2768 884 2833 in
898 2770 1015 2834 mentis
1029 2783 1163 2853 nostrae
1233 2740 1234 2830 i

140 2919 255 2973 notura
276 2910 480 2992 sitam'esse,
510 2908 630 2973 statuit.
677 2908 782 2973 Porro
812 2908 890 2973 haec
911 2910 1066 2975 socratica
1089 2911 1161 2977 dis·
1232 2952 1233 3008 q

137 3054 263 3141 putatio
297 3071 366 3120 non
396 3054 531 3122 ulterius
560 3046 773 3140 procedebat,
807 3048 885 3131 nisi,
902 3048 904 3054 ⁴
921 3074 1001 3137 qnae
1023 3067 1160 3122 antece-

67 3170 70 3179 ¹
135 3167 270 3273 debant,
303 3206 474 3281 perspecta
503 3202 596 3257 erant
631 3201 728 3275 atque
762 3200 856 3253 extra
886 3212 985 3257 omne
1006 3190 1158 3265 'dubium

134 3332 240 3421 posita
259 3333 312 3411 ²):
348 3354 429 3417 qnae
458 3332 513 3415 iis,
541 3355 624 3419 quae
653 3333 825 3424 perspicua
854 3345 962 3417 erant,
984 3357 1155 3423 repugna-
1230 3310 1231 3366 i

1229 3478 1230 3546 i

95 3574 268 3690 ''9)1>1at.
292 3620 435 3676 Phaedon.
459 3638 482 3675 o
498 3629 543 3683 40.
1228 3616 1229 3621 ¹

80 3751 83 3758 ·
109 3720 180 3804 1)
198 3722 235 3772 V
259 3718 329 3773 Plat.
348 3721 496 3773 Theaetet
518 3727 611 3789 p01l19
627 3738 694 3792 sq·¹
1033 3760 1036 3767 ·

146 3818 180 3886 2)
198 3816 255 3871 Cic.
281 3821 388 3871 Invent.
407 3819 434 3882 1,
452 3822 498 3877 31.·
529 3816 648 3887 Quintil.
673 3822 740 3875 hist.
766 3797 807 3875 oi.
826 3822 862 3887 V,
880 3827 923 3880 11.
951 3820 1083 3891 Xenoph
1104 3823 1148 3880 Μ.

201 3913 408 3978 §lt-&15-
