2492 4259
551 156 636 233 133

33 319 34 356 ³
85 353 172 419 nn
226 353 502 422 nonnosus
554 353 849 435 visuennns
888 354 922 420 A
972 355 1096 423 Vnus

100 493 275 559 DOCTIS
297 494 518 561 CICERONI
539 494 725 576 FACTIS,
759 492 963 559 OCCURRI
947 485 1096 577 ITURs

31 643 32 646 ’
143 601 321 720 Quaestio,
359 653 456 721 quam
492 600 586 703 nobis
619 638 660 703 de
695 634 859 703 Ciceronis
894 634 1112 722 ι’ἰῒιιιιῐιιιιιιι

77 769 282 858 philosophia
310 774 464 841 universe
491 778 527 843 in
554 778 616 843 hac
646 774 868 863 disputationis
888 787 988 861 parte
1011 761 1102 862 pe1·-'

77 910 279 975 tractandam
306 915 498 997 sumsimus,
532 938 729 1004 quamquam
761 914 828 999 jani
856 912 1025 1000 profligata
1056 924 1090 977 et
1129 905 1134 915 ’
1193 956 1196 965 ,

79 1050 114 1112 ad
143 1051 270 1115 exitum
298 1056 455 1169 perducta
486 1056 591 1122 videri
618 1056 737 1143 possit:
775 1065 903 1133 tamen,
932 1064 971 1117 ut
999 1063 1087 1117 totus

76 1191 124 1257 hic
146 1194 257 1274 locus,
291 1207 449 1279 quantum
471 1220 532 1284 per
559 1198 683 1262 virium
710 1208 896 1261 nostrarum
917 1189 1088 1257 imbecilli-

74 1334 284 1414 tatemlicet,
303 1349 523 1425 perpurgctur
545 1328 641 1423 utque
664 1338 903 1424 complanetur,
921 1330 1085 1396 nonnullis

72 1474 392 1559 reprehensionibus,
431 1476 546 1563 quibus
576 1478 643 1545 viri
670 1476 756 1543 docti
777 1477 969 1544 Ciceronem
994 1475 1096 1559 ejus*

70 1636 129 1699 que
151 1616 391 1705 philosophiam
417 1617 671 1696 incessiverunt,
701 1617 830 1681 occurri
858 1615 951 1680 nobis
972 1615 1082 1682 visum

69 1766 123 1821 est.
165 1737 219 1820 Ac
239 1755 386 1842 primum
413 1754 664 1840 quidemmulti
686 1754 880 1834 extiterunt,
908 1756 962 1840 qui
984 1754 1080 1821 Cice-

68 1893 141 1960 roni
161 1893 357 1978 objicerent,
388 1894 475 1981 quod
496 1917 565 1962 non
582 1909 652 1961 tant
674 1896 774 1961 animt
764 1895 931 1981 'quodam
953 1898 1091 1985 impetu,

66 2044 159 2118 atque
184 2032 357 2116 desiderio,
386 2053 484 2121 quam
513 2036 614 2102 laudis
646 2036 838 2123 glotiseque
857 2008 1078 2131 adipisc‘pndae

67 2152 238 2261 cispiditate
259 2173 299 2238 ad
320 2175 548 2261 philosophiae
563 2175 706 2241 studium
739 2175 873 2243 delat
808 2188 859 2241 tus
891 2188 989 2257 essct,
1017 2198 1079 2241 ne·
1117 2152 1121 2159 ¹

66 2340 125 2404 que
161 2315 242 2379 adeo
276 2313 499 2409 philosophiae
533 2305 605 2377 viin
636 2322 824 2405 petceptant
852 2316 1015 2390 habuisset
1037 2314 1077 2403 ¹).

65 2456 185 2543 Negari
205 2451 336 2541 quidem
356 2476 425 2518 non
443 2464 566 2542 potest,
592 2450 801 2534 Ciceronem,
841 2474 942 2539 quum
970 2464 1077 2519 totum
1187 2498 1191 2525 .

25 2560 31 2569 .
64 2621 94 2661 se
113 2595 310 2684 reipublicae
331 2592 480 2673 dicasset,
499 2590 738 2681 phiiosophiam
758 2594 858 2659 veluti
879 2593 1078 2678 eloquentiae

64 2736 318 2801 instrumentum
345 2729 548 2811 adhibuisse3
583 2752 646 2796 neo
676 2742 786 2799 tamen
817 2730 892 2795 inde
920 2732 1074 2799 continuo

63 2872 209 2940 concludi
229 2881 352 2960 potest,
377 2869 570 2935 Ciceronem
594 2868 834 2960 philosophiam
860 2873 924 2937 hoc
945 2884 1073 2940 tantum

64 3012 193 3079 consilio
214 2991 372 3077 sectatum
394 3032 479 3093 esse,
506 3020 545 3075 ut
564 3011 855 3097 eam-adjutricem
875 3008 1074 3096 eloquentiae

63 3152 261 3241 disciplinam
290 3146 458 3215 colendam
489 3147 551 3219 sibi
588 3147 788 3232 judicaverit.
843 3154 951 3220 Immo
985 3172 1075 3231 veru,

61 3290 146 3374 quod
168 3312 268 3377 supra
287 3290 514 3375 exposuimus,
544 3288 660 3359 Cicero
680 3296 742 3379 pio
770 3295 892 3382 ingenii
918 3293 1073 3381 amplitu-

62 3426 136 3491 dine
165 3440 262 3518 atque
283 3432 465 3497 excelsitate
502 3433 569 3518 jam
596 3431 773 3496 tenerrime
801 3443 902 3497 aetate
933 3431 969 3495 in
994 3428 1073 3517 phi-

60 3569 222 3656 losophiae
252 3570 360 3635 sinum
388 3593 457 3634 sese
484 3573 620 3639 contulit
642 3571 690 3657 ²),
725 3573 857 3659 ejusque
885 3570 1010 3635 animus
1038 3568 1074 3633 in
1123 3565 1155 3593 ”
1215 3572 1216 3612 l

80 3788 110 3855 l)
129 3788 172 3842 Cf.
191 3791 372 3846 Tennemann
392 3795 485 3846 Gesch.
502 3794 549 3845 der
565 3792 668 3846 Philos.
692 3793 726 3846 Τ.
738 3760 778 3844 ¹V·
806 3810 832 3861 p.
848 3798 901 3855 190
918 3808 959 3861 sq.

79 3887 112 3955 2)
128 3889 213 3946 Tusc.
225 3882 226 3885 ¹
237 3886 293 3959 Qu.
309 3895 347 3953 V,
365 3900 391 3955 2·
416 3889 497 3950 offic.
511 3896 554 3963 11,
570 3900 596 3954 1·
621 3894 656 3949 N·
674 3892 710 3945 D·
729 3893 756 3957 Ι,
774 3896 800 3951 3·
