2492 4259
575 167 661 300 ate

104 416 177 500 ipso
201 425 287 480 teste
316 415 491 500 Cicerone,
526 420 637 507 paucis
670 419 766 488 novis
782 421 917 516 ditata,
957 426 1121 514 conspirat

24 537 27 630 l
102 579 180 622 cum
206 579 420 624 romanorum
445 559 691 646 magistratuum
714 556 913 640 conditione,
942 559 1120 630 admodum

23 635 26 762 l
98 700 163 786 ipsi
184 670 329 787 probata.
380 699 543 788 Deinceps
568 713 739 767 enumerat
768 712 865 787 atque
889 700 1028 768 illustrat
1045 702 1117 770 sin·
1188 740 1190 751 =

21 803 23 884 l
97 843 188 926 gulas
205 842 282 928 legis
303 852 428 928 partes:
458 840 548 923 cujus
569 842 633 908 loci
645 842 744 930 prior
761 861 837 928 pars
859 840 952 907 uobis
973 854 1023 908 est
1043 865 1115 908 ser⁴

94 991 181 1044 vata.
237 979 305 1044 Sub
333 978 432 1046 linem
466 982 690 1072 disputationis
722 1002 849 1066 novum
882 981 1037 1048 indicavit
1072 981 1113 1047 de

92 1119 167 1202 jure
195 1122 309 1208 populi
335 1122 462 1188 romani
491 1135 739 1210 argumentum,
771 1119 859 1208 quod
885 1140 963 1184 cum
989 1118 1112 1204 reliqua

91 1259 213 1325 horum
235 1261 395 1348 libmrum
413 1273 506 1352 parte
526 1264 763 1332 intercidit.··-
788 1265 863 1329 Hae
889 1264 989 1350 igitur
1016 1235 1158 1348 legesiq

89 1421 169 1484 quas
191 1400 307 1468 Cicero
327 1408 514 1493 proposuit,
539 1409 577 1473 in
604 1410 799 1474 uuiversum
824 1415 950 1471 sumtae
976 1412 1107 1465 eranta

89 1551 201 1604 vetere
228 1564 382 1612 romanae
400 1541 547 1614 ‘civitatis
581 1524 811 1612 constitutione
836 1556 872 1610 et
898 1539 1044 1608 moribus
1064 1539 1106 1623 ¹),

71 1699 163 1742 cum
183 1683 339 1747 nonnulla
361 1688 516 1752 varietate
537 1686 840 1774 attemperatione,
858 1695 897 1746 ut
917 1689 1106 1746 occurreret

82 1844 198 1886 rerum
224 1845 308 1909 ‚quae
337 1837 410 1890 tum
424 1894 426 1898 ,
439 1826 475 1890 in
502 1823 668 1912 republica
683 1807 764 1889 ‘erat
790 1819 1036 1924 perturbationi.
1051 1849 1102 1867 --

80 1960 197 2028 Multis
218 1961 367 2050 inprimis
387 1961 497 2027 verbis
509 1963 635 2028 ,Cicero
657 1943 806 2028 versatus
826 1961 957 2027 videtur
978 1956 1015 2024 in
1044 1955 1101 2020 in*-

79 2103 246 2168 stituendo
274 2117 370 2192 atque
402 2103 605 2170 efformaudo
626 2103 776 2192 principe
798 2100 954 2180 civitatis,
972 2104 1101 2204 rectore

81 2259 179 2333 atque
197 2247 402 2326 moderatore
419 2245 623 2332 reipublicae.
664 2245 720 2309 Ad
741 2243 830 2309 bunc
848 2243 958 2337 locum
977 2243 1101 2343 spectat

76 2397 209 2472 quoque
236 2385 378 2471 plurima
406 2351 483 2474 pars
510 2386 670 2452 librorum
700 2385 741 2450 de
763 2381 897 2450 Officiis.
945 2376 1097 2443 Primum
1210 2398 1216 2425 ι

73 2486 213 2590 ciditatis
239 2534 348 2587 rector
368 2536 480 2589 tenere
508 2524 601 2592 debet
628 2487 889 2615 explanationem
919 2514 1096 2604 aequitatis,

75 2669 111 2731 in
134 2687 197 2750 qua
215 2665 296 2750 juris
313 2675 382 2728 erat
396 2665 635 2752 interpretati0,
656 2688 719 2752 qua
738 2643 819 2766 nihil
833 2669 882 2723 est
898 2654 1034 2768 regalius
1048 2653 1094 2735 ²).

73 2807 155 2871 Jure
175 2805 274 2892 igitm·
295 2818 328 2870 et
350 2804 471 2892 legibus
494 2806 725 2896 cognoscendis
748 2776 1092 2883 studere,·iontesque

73 2967 187 3010 earum
221 2943 406 3031 perspicere
432 2943 542 3008 debet:
578 2951 673 3029 nam,
707 2914 733 3010 si
762 2943 883 3021 summi
912 2941 993 3026 juris
1020 2961 1090 3024 non
1186 3033 1192 3046 ι

33 3141 38 3148 .
71 3083 285 3170 peritissimus
317 3097 380 3166 est,
407 3087 509 3172 justus
538 3111 607 3157 esse
624 3109 710 3190 ¹non
738 3097 862 3172 potest3
891 3105 952 3149 nec
984 3080 1088 3148 civilis
1139 3094 1142 3099 '

29 3191 33 3200 .
70 3221 152 3303 juris
173 3222 343 3309 imperitus
362 3250 431 3293 esse
447 3241 556 3316 potest
571 3230 615 3309 ³).
656 3227 702 3291 Et
721 3248 823 3312 quum
840 3226 875 3290 in
895 3220 1087 3298 civitatibus,

17 3415 20 3422 ,
69 3361 243 3446 inquibus
271 3379 431 3454 expetunt
452 3369 580 3436 laudem
606 3368 724 3456 optimi
749 3378 781 3431 et
803 3365 915 3445 decus,
942 3360 1086 3448 ignomi-

67 3511 524 3528 m.

88 3589 120 3658 1)
138 3589 223 3660 1¹⁰3&
243 3591 279 3644 Π·
315 3600 359 3652 to.
403 3594 439 3646 Et
467 3597 588 3664 atquae
614 3589 688 3643 forre
712 3607 728 3641 a
752 3602 797 3642 me
823 3581 910 3657 hodte
944 3577 1086 3648 rogabun-
1174 3595 1184 3602 ·
1220 3594 1221 3617 ι

141 3692 203 3744 tur,
218 3697 291 3748 quae
310 3669 369 3733 non
384 3686 440 3734 sint
458 3686 489 3735 iu
505 3693 601 3734 nostra
619 3677 761 3748 republica
779 3694 832 3729 uec
849 3674 967 3748 luerint,
992 3680 1104 3740 tament.
1219 3670 1220 3677 ’

141 3784 223 3824 erum
241 3771 301 3825 fere
325 3775 356 3822 in
374 3786 451 3822 more
469 3773 619 3838 iuniorum,
637 3775 687 3837 qui
709 3780 769 3822 tum
787 3778 818 3818 ut
835 3767 883 3818 lex
900 3761 1014 3818 valebat.

87 3871 119 3937 2)
138 3871 172 3922 de
200 3871 268 3937 llep.
286 3872 322 3922 V.
347 3878 373 3928 2.
444 3847 450 3852 ’
578 3927 580 3938 ¹

87 3971 118 4038 3)
138 3971 170 4024 de
195 3972 262 4039 llep.
280 3973 315 4023 Υ.
340 3974 365 4026 3.
380 3966 444 4020 -ubi
463 3967 498 4020 cl.
516 3969 581 4038 Maj.
606 3985 634 4036 p.
650 3973 711 4030 299.

8 4197 95 4215 Q...
143 4169 165 4208 N
