2492 4259
300 601 882 696 ''Pans'nntua

1188 731 1202 763 Ι

276 815 278 822 '
615 811 675 864 DE

94 883 123 969 '²
141 935 395 1058 ¹suado¹
429 896 908 1022 ennesoefflau
965 933 1153 1075 'APUD

152 1101 486 1212 nosnauos
516 1093 698 1191 ANTE
729 1098 1116 1198 CICERONEM.

417 1390 597 1456 Casus
650 1407 886 1466 nulnum.
965 1383 970 1391 “

147 1559 173 1620 l.
223 1554 286 1622 DE
329 1545 647 1626 LITTERARUM
685 1557 862 1626 STUDIO
891 1556 1029 1656 ,ARUD
1073 1556 1160 1624 RO-

426 1697 592 1788 MANos
634 1668 879 1790 uuivuusn.

126 1944 128 1950 s
199 1861 367 1941 fRomani,
391 1864 446 1948 qui
463 1885 575 1927 rerum
595 1875 760 1950 gestarum
780 1860 1001 1953 magnitudine
1019 1860 1161 1925 immor·

150 1993 247 2061 talern
268 2000 327 2094 sibi
347 2017 546 2102 pepererunt
569 2007 721 2094 gloriam,
739 2005 826 2070 haud
851 2001 966 2093 parem
985 2004 1020 2069 in
1038 2003 1161 2068 artibus

152 2150 247 2223 atque
262 2132 389 2206 'litteris
421 2143 528 2232 adepti
557 2158 634 2234 sunt
661 2128 793 2212 famam.
811 2188 813 2191 -
831 2144 965 2209 Etenim
989 2143 1112 2220 Roma,
1144 2163 1162 2203 a
1241 2146 1242 2153 ’

152 2278 226 2342 rudi
259 2301 295 2343 ac
315 2279 417 2346 feroci
438 2295 470 2348 et
490 2285 704 2371 undecunque
725 2285 856 2348 collecta
878 2282 1049 2352 hominum
1069 2280 1166 2346 turba

157 2419 301 2501 condita,
331 2434 364 2487 et
396 2446 416 2487 a
446 2422 600 2488 bellicosis
637 2422 887 2514 petentibusque
925 2423 1073 2510 populis,
1107 2421 1165 2506 qui

157 2539 356 2625 arescentem
384 2584 489 2627 novae
517 2567 654 2632 civitatis
681 2563 859 2654 potentiam
888 2559 1065 2648 inliingere
1093 2571 1167 2623 stu-

124 2767 126 2770 ,
158 2698 294 2781 debant,
325 2702 519 2768 circumdata
542 2707 693 2792 ethuasi
715 2671 923 2770 circumsessa
958 2713 1036 2764 erat.
1076 2699 1167 2764 Hinc

156 2835 294 2920 sactum,
326 2853 363 2904 ut
398 2864 476 2928 gens
510 2864 663 2926 romana,
698 2867 716 2907 a
746 2841 862 2929 primis
898 2840 1035 2905 civitatis
1067 2840 1168 2905 initiis

99 2978 101 2986 ’
156 2965 319 3042 eontintiis
347 2993 501 3068 occupata
527 2981 633 3064 bellis,
661 3005 795 3047 omnem
821 2980 940 3068 gloriae
968 2978 1169 3066 magnitudi-

106 3111 110 3119 ’
156 3139 236 3183 uem
266 3120 301 3183 in
330 3123 427 3188 armis
461 3135 557 3210 atque
590 3125 712 3188 virium
743 3094 861 3185 sobore
887 3085 984 3185 sitam
1011 3137 1080 3183 esse
1106 3120 1170 3185 sibi

155 3258 373 3343 persuaderet.
413 3264 604 3350 Splendidae
625 3270 702 3351 quas
723 3265 763 3328 de
783 3263 890 3329 alienis
909 3259 1092 3325 nationibus
1112 3281 1171 3322 re-

155 3399 330 3483 portabant
357 3401 510 3466 victoriae
528 3375 668 3492 niagnos
691 3407 729 3473 iis
758 3405 890 3494 spiritus
911 3404 1105 3481 attulerunt,
1134 3413 1171 3464 et

155 3537 312 3602 invictam
342 3545 503 3625 quandam
535 3543 686 3610 fiduciam
713 3547 749 3612 in
778 3546 842 3610 suis
872 3543 996 3611 viribus
1027 3540 1171 3628 positam

157 3677 422 3802 ipspiraverunb
447 3683 613 3774 Piincipes
647 3699 743 3772 atque
775 3683 913 3764 nobiles,
944 3682 1000 3768 qui
1032 3679 1171 3767 civitatis

123 3835 131 3855 ³
155 3822 408 3907 gubernaculum
444 3823 613 3906 tenebant,
647 3849 761 3891 omnes
793 3845 864 3888 suas
899 3805 1104 3909 cogitationes
1133 3841 1173 3882 ao
