2492 4259
138 323 171 376 et
188 311 226 382 iu·
244 311 314 396 ejus
328 257 504 376 ¹utilitatem
524 330 638 376 omnes
659 323 693 378 et
714 282 835 399 ingebii
856 324 890 376 et
905 311 1052 399 corporis
1073 313 1164 378 vires

142 448 311 530 conferre,
350 449 438 537 apud
470 452 616 521 animum
659 474 757 519 suum
796 453 972 519 constitnit.
1038 457 1165 542 Itaque,
1227 418 1228 469 i

142 613 243 678 quum
266 593 383 661 causiis
407 593 574 674 dicendis,
598 592 786 678 patrociniis
809 594 983 677 obeundis,
1013 594 1165 660 muneri·
1228 634 1229 637 =

1104 705 1111 728 ,

142 730 202 796 bus
230 733 493 803 administrandis
532 737 572 803 de
605 737 731 802 civibus
748 738 1167 824 ,mereri-concupisceret,
1229 800 1230 803 ,

145 869 239 937 brevi
261 884 409 962 tenuiore
423 878 469 941 ‚ad
491 900 636 942 summas
657 878 936 964 amplissimosque
956 888 1092 943 evectus
1116 887 1168 940 est

132 1012 282 1111 'civitatis
297 987 483 1104 dignitates.
527 1017 590 1084 Sed
615 1017 736 1082 multae
758 1019 788 1082 ei
807 1018 844 1082 in
863 1017 925 1082 hao
941 1016 1083 1083 civitatis
1106 1013 1170 1077 ad-

145 1155 383 1226 ministratione
404 1185 593 1243 aerumnae‚
623 1172 720 1248 atque
746 1154 866 1248 ipsum'
879 1157 1016 1223 exilium
1045 1174 1172 1238 perpe-

147 1293 296 1369 tiendum
317 1313 396 1366 erat.
437 1285 610 1368 Ex'enilio
632 1303 780 1390 quidem,
802 1302 838 1365 in
858 1303 950 1384 cujus
973 1291 1173 1385 perferenda

146 1437 277 1504 miseria
305 1442 452 1505 animum
478 1414 619 1512 fractum
648 1457 682 1510 et
712 1443 868 1508 afflictum
891 1433 1057 1527 prodidit,
1083 1431 1172 1498 ami-

148 1595 264 1640 cornm
285 1582 475 1674 anctoritate
495 1596 528 1649 et
548 1584 697 1650 unanimi
715 1584 828 1671 popnli
853 1601 1014 1646 consensu
1026 1577 1173 1642 Romam

148 1733 337 1802 revocatus,
372 1724 519 1809 pluribus
551 1724 658 1789 denuo
688 1722 878 1787 muneribus
915 1714 1052 1806 publicis
1085 1734 1171 1802 per-

148 1858 280 1932 fnnctns
301 1873 358 1925 est.
411 1862 474 1926 Sed
496 1886 577 1930 mox
598 1865 719 1930 bellum
742 1864 854 1944 civile,
887 1864 973 1928 inter
996 1859 1174 1924 Qesarem

150 2013 183 2066 et
197 2003 399 2088 Pompejum
420 2015 565 2090 gestum,
598 2006 737 2087 exarsit,
767 2017 801 2070 et
830 2001 1014 2081 Ciceronis,
1045 1998 1174 2085 patriae

150 2143 378 2225 amantissimi,
418 2143 564 2242 altimum
595 2146 740 2232 graviter
773 2144 898 2217 afflixit.
946 2141 1070 2237 ¹Atque
1104 2135 1174 2202 hoe

151 2282 283 2370 quidem
312 2287 479 2371 tempore,
520 2309 583 2373 quo
618 2287 801 2374 respublica
828 2285 948 2348 misere
977 2278 1173 2357 vexabatur,

149 2425 273 2511 patriae
295 2427 508 2492 calamitatem
524 2427 757 2491 scollacrimans
778 2423 966 2512 prospexit,
1002 2435 1098 2507 atque
1120 2420 1174 2491 his

151 2533 349 2650 gianissimis
374 2567 511 2632 civitatis
537 2577 570 2631 et
591 2587 673 2630 vero
701 2564 921 2630 dilectissimae
941 2559 1024 2627 filiae
1044 2561 1175 2626 Tulliae

154 2704 277 2770 casibus
301 2706 337 2792 in
366 2706 621 2794 philosophiam,
649 2716 806 2789 tanquam
828 2703 863 2766 in
885 2713 1036 2788 portum,
1065 2716 1175 2785 equo

154 2861 224 2910 erat
252 2867 414 2931 egressus,
457 2867 574 2932 magna
607 2843 743 2927 jactatus
777 2851 973 2927 tempestate
990 2821 1174 2926 confugit:

153 3008 216 3071 que
236 2986 302 3050 suis
325 2984 537 3052 acerbissimis
566 2983 749 3065 doloribus,
776 2981 941 3066 variisque
967 2990 1000 3044 et
1028 2979 1177 3065 undique

126 3163 130 3172 ‚
154 3124 358 3192 circumfusis
393 3126 546 3192 molestiis
579 3126 675 3191 aliam
708 3125 830 3189 nullam
865 3125 1023 3208 majorem
1056 3126 1176 3191 melio-

153 3287 290 3350 remque
308 3265 415 3351 potuit
434 3265 583 3329 invenire
604 3265 799 3331 levationem
823 3265 866 3344 ⁹).
907 3264 1058 3329 Pristinis
1075 3266 1175 3352 igitur

152 3403 285 3470 orbatus
308 3402 518 3484 muneribus,
545 3419 649 3488 quum
671 3404 755 3487 otio,
784 3427 848 3493 quo
872 3403 1072 3486 abundabat,
1100 3405 1178 3472 lan·-

172 3735 204 3804 9)
223 3735 308 3788 Tusa.
337 3731 393 3802 Qu.
410 3733 447 3796 V,
461 3738 487 3789 2·
505 3737 548 3788 tn·
574 3729 611 3782 cl·
628 3731 661 3786 N.
681 3727 717 3784 D.
734 3728 763 3793 1,
781 3731 807 3788 4.
832 3728 926 3783 Diria.
941 3731 983 3795 ll,
998 3737 1023 3790 1·
1040 3737 1066 3788 2.
1097 3727 1175 3783 Aca-

222 3835 376 3898 dern.l,3·
405 3826 486 3884 Ollio.
503 3831 537 3882 11.
557 3838 581 3889 1.
599 3839 626 3890 2.
905 3849 910 3856 ·
