2492 4259
543 177 619 291 as
702 162 710 177 ‘

59 378 339 464 excellentissimis
369 375 551 464 quibusque
577 375 754 442 virtutibus
773 377 911 445 florebat
927 383 971 466 ³).
1011 385 1081 452 Re-

57 493 132 586 cbns
167 520 274 586 adbuc
300 518 467 605 praeclare
502 537 521 580 a
556 514 734 598 majoribus
768 529 935 604 gestarum
967 505 1081 590 renum

56 663 218 736 memorie
251 661 414 726 virtutum
446 647 603 742 igniculos
633 678 672 720 sc
706 657 850 738 semina,
882 660 918 724 in
951 662 1081 747 juvenis

58 809 197 892 pectore
228 799 352 880 abdita,
387 792 546 874 eliciebat,
580 815 720 882 enmqne
742 799 943 864 excetsmom
966 825 1082 872 rernm

57 940 250 1030 cogitationi
283 938 373 1026 quasi
408 935 617 1004 innutn'ebst.
659 935 862 1020 Litterarum
892 951 999 1006 antem
1025 966 1084 1013 ar-

57 1083 208 1168 tiumque
234 1076 379 1142 studium
408 1075 469 1140 hac
499 1086 602 1141 aetate
630 1076 755 1142 Romae
783 1077 985 1146 efflorescere
1000 1056 1089 1149 'ine--

57 1219 117 1304 pit.
159 1217 236 1282 dam
254 1235 335 1280 vero
356 1216 426 1303 ipse
446 1213 598 1280 Ciceros
620 1225 736 1329 natura
747 1213 887 1302 ingenio
906 1221 1084 1289 instructus

64 1371 266 1443 ornatusque
288 1367 358 1422 erat
372 1357 484 1442 -longe
503 1353 791 1442 praestantissimo.
831 1359 905 1425 Jam
923 1362 958 1427 in
978 1365 1087 1451 prima

65 1501 227 1590 pueritia,
248 1501 351 1586 qnnm'
369 1517 420 1558 eas
441 1506 542 1575 artes,
564 1496 680 1580 quibus
703 1496 782 1564 haec
801 1509 886 1564 setas
907 1501 947 1566 ad
966 1502 1087 1570 huma-

27 1645 197 1737 ¹nitatem
230 1633 401 1706 informari
438 1635 534 1715 solet,
568 1635 764 1719 addisceret,
795 1639 917 1725 ingenii
935 1624 1087 1710 ¹scintilla

64 1807 105 1849 ex
124 1783 180 1850 illo
202 1782 247 1848 ita
269 1781 387 1861 eluxit,
410 1791 495 1844 utet
515 1782 722 1847 laetissimam
744 1780 785 1846 de
806 1801 841 1842 se
862 1771 949 1867 apud
969 1801 1085 1846 omnes
1154 1856 1158 1864 ι

64 1923 221 1988 excitaret
243 1941 356 2008 spem,
376 1931 409 1984 et
440 1921 525 1984 miro
548 1919 691 1988 discendi
719 1918 836 1987 ardore
863 1914 1087 2006 'aquosae-

11 2119 12 2124 ,
72 2067 164 2130 citate
206 2084 336 2128 summa
377 2053 491 2126 cinnes
523 2065 673 2148 oppleret
704 2061 931 2128 admiratione.
983 2062 1087 2130 Domi

64 2203 182 2291 patris,
215 2201 287 2288 qui,
319 2221 421 2286 quum
451 2211 534 2266 esset
562 2189 695 2297 infiima
717 2172 1086 2285 valetudine,aetatem
1195 2239 1201 2249 ·

66 2343 188 2427 fere'⁴)
222 2341 287 2428 egit
321 2340 358 2406 in
390 2340 520 2422 litteris,
562 2339 730 2429 disciplina
764 2355 861 2430 atque
905 2343 1086 2408 imitatione

66 2482 225 2561 eruditus,
256 2478 438 2546 adolescens
459 2481 601 2546 Romam
616 2475 658 2551 'se
685 2483 836 2548 contulits
867 2482 923 2548 ubi
948 2482 1086 2569 eiopti-

66 2625 125 2688 mis
154 2617 341 2686 doctoribus
377 2621 424 2684 uti
453 2622 601 2708 contigit.
652 2623 768 2688 Postea
798 2588 930 2707 quidem
956 2613 1085 2687 luxuria

67 2775 161 2849 atque
187 2760 247 2826 alis
276 2756 355 2824 vitia
378 2761 544 2846 antiquam
570 2739 702 2824 morum
724 2759 945 2827 salubn'tatem
969 2760 1086 2829 conrii-

68 2913 207 2989 perum,
237 2911 271 2965 at
299 2898 434 2979 Cicero,
455 2900 545 2984 cujus
564 2899 673 2987 prima
695 2911 779 2965 aetas
805 2902 842 2967 in
864 2915 1014 2991 tempora
1033 2903 1087 2971 illa
1125 2883 1148 2969 ¹.

22 3093 23 3104 ,
69 3042 197 3123 incidit,
232 3038 349 3126 quibus
378 3042 534 3130 pristinns
566 3037 673 3102 adbuc
692 3037 888 3125 reipublicae
909 3052 1017 3108 status
1032 3043 1088 3110 vi-

23 3225 24 3236 i
71 3184 180 3270 gebat,
204 3180 413 3268 antiquorum
441 3179 571 3244 illoinm
600 3189 789 3266 temporum
819 3181 988 3248 sanctitate
1007 3205 1088 3272 per-

24 3345 26 3357 *
73 3344 197 3402 cussus,
229 3320 394 3405 majorum
425 3321 487 3388 sibi
525 3342 657 3408 semper
696 3341 886 3408 proponens
919 3320 1088 3409 imagines,

74 3461 217 3524 animum
244 3471 278 3524 et
303 3469 450 3524 mentem
479 3479 572 3550 suant
600 3459 671 3546 ipsa
701 3458 892 3546 cogitatione
914 3461 1088 3528 hominum

93 3803 123 3868 3)
141 3801 184 3855 Cl'·
205 3799 351 3867 Wyttenb.
372 3799 440 3856 bibl.
460 3807 519 3854 crit.
545 3801 611 3855 Vol.
627 3803 649 3853 l·
666 3817 694 3871 p.
707 3809 733 3861 2.
757 3817 820 3872 pag.
834 3808 861 3863 2.

95 3927 124 3993 t)
142 3927 329 3998 legg-tm.
356 3925 483 3982 nnana.
500 3927 519 3979 1.
536 3941 559 3978 ο.
584 3913 651 3994 με
897 4006 921 4072 3
990 3990 996 3999 ,
