2492 4259
626 97 691 235 ss

159 362 327 450 aliquando
350 383 448 443 vero,
473 359 628 427 vberiore
658 358 823 425 doctrinae
850 362 943 450 copia
960 359 1121 442 imbutus,
1150 362 1175 424 si
1219 417 1220 424 ,

161 503 235 591 plus
264 501 346 569 mihi
371 523 562 568 concessum
575 542 580 557 ι
594 501 659 566 erit
690 498 763 584 otii,
797 501 835 566 ad
869 501 1010 568 eundem
1034 497 1175 567 sortasse
1219 505 1220 576 l

94 732 100 744 Ι
140 686 143 692 ,
164 643 308 712 laborem
329 643 571 732 suscipiendum
591 639 715 708 redibo.
751 636 754 640 ’

206 1014 208 1025 Ι
602 927 741 1014 XXV.

228 1065 394 1134 Maximae
421 1069 458 1134 in
485 1041 651 1158 Ciceronis
687 1064 831 1136 fontibus
860 1062 1094 1152 investigandis
1117 1062 1182 1125 ob·
1209 1099 1212 1104 ·

114 1170 126 1293 'l
170 1202 321 1272 oriuntur
347 1207 549 1276 difficultates
575 1211 626 1277 his
658 1208 865 1300 potissimum
896 1203 937 1268 de
958 1185 1104 1268 caussis(
1136 1201 1184 1267 Ac

171 1343 318 1429 primum
353 1348 484 1432 quidem
511 1350 645 1431 Cicero,
683 1346 769 1435 quod
804 1343 992 1412 incredibile
1019 1343 1088 1427 ejus
1120 1351 1185 1405 erat
1221 1373 1222 1378 κ

172 1486 318 1552 studium
345 1501 444 1574 atque
473 1489 656 1580 industria,
678 1489 827 1554 omnium
859 1507 964 1576 paene
993 1481 1186 1569 antiquitatis

174 1588 448 1715 philosophorum
478 1649 578 1718 opera
606 1606 847 1718 perscrutatus,
890 1647 971 1713 quae
1002 1624 1039 1690 in
1065 1623 1104 1689 iis
1133 1619 1187 1686 sibi

136 1770 139 1775 “
173 1763 370 1850 placuerint,
390 1768 504 1836 libavit
525 1773 614 1836 etin
636 1793 732 1835 usum
757 1789 854 1834 suum
876 1763 1049 1830 convertit.
1088 1763 1188 1828 Porro
1222 1829 1223 1852 1

173 1901 211 1968 in
229 1908 459 1990 pertractando
484 1909 709 1996 philosophico
735 1905 877 1992 quodam
898 1915 1093 1993 argumento
1125 1925 1189 1968 non
1222 1871 1223 1880 l

175 2045 281 2109 uirum
305 2057 459 2132 sequutus
480 2059 530 2112 est
550 2057 732 2128 auctorem,
753 2047 809 2112 sed
831 2047 1056 2136 expluribus,
1077 2043 1189 2132 quide

143 2194 216 2260 [oo
244 2182 463 2277 scripserant,
501 2186 646 2252 maxime
671 2184 849 2274 probabilia
882 2197 977 2272 atque
1010 2179 1191 2253 verisimilia

178 2315 339 2410 decerpsit
359 2339 392 2393 et
417 2328 454 2392 in
474 2327 636 2414 scriptum
663 2293 761 2394 suum
787 2330 952 2396 transtulit
969 2329 1011 2414 l).
1062 2327 1191 2394 Horum
1223 2353 1224 2396 3

129 2537 133 2543 ι
176 2465 288 2525 butem
315 2463 587 2553 philosophorum
613 2479 828 2533 monumenta
855 2467 1017 2556 permulta
1037 2466 1190 2587 temporis

177 2596 346 2685 iniquitate
364 2617 420 2670 aut
445 2593 580 2693 prorsus
608 2599 860 2689 interciderunt,
891 2619 946 2672 aut
970 2618 1124 2694 corrupta
1144 2617 1191 2671 at-

179 2755 244 2829 que
263 2741 409 2808 mutilata
437 2745 478 2809 ad
505 2759 654 2810 nostram
681 2762 819 2817 aetatem
847 2763 1082 2837 pervenerunt.
1126 2748 1192 2812 De-

177 2878 279 2966 nique
316 2905 445 2969 summa
482 2885 577 2952 nobis
603 2888 766 2974 'objicitur
809 2889 977 2954 difficultas
1018 2909 1074 2968 eo,
1110 2885 1192 2973 quod

179 3017 296 3084 Cicero
322 3021 445 3105 fontes,
473 3027 629 3113 equibus
652 3013 771 3112 hausit,
801 3027 887 3094 haud
915 3049 991 3092 raro
1018 3039 1074 3092 aut
1099 2993 1191 3114 plane

178 3159 311 3242 reticet,
346 3177 402 3230 aut
431 3167 536 3232 obiter
571 3182 701 3236 tantum
736 3173 871 3254 indicat,
901 3182 958 3235 aut
988 3169 1034 3238 ibi
1068 3183 1192 3236 tantum

179 3311 327 3366 auctores
359 3310 513 3393 appellat,
548 3313 604 3380 ubi
639 3337 754 3380 eorum
774 3315 948 3404 ¹sententia
975 3313 1035 3380 sibi
1067 3316 1193 3380 videtur

179 3467 621 3504 ’-------.......

196 3587 230 3656 ὅ)
248 3587 291 3645 ef.
308 3592 367 3648 Cio·
391 3597 453 3653 Fin.
469 3600 497 3664 I,
514 3606 540 3658 2.
576 3598 653 3670 Quid
677 3608 751 3656 enirn
777 3614 822 3656 est
842 3623 858 3656 a
885 3604 1044 3672 Chrysippo
1073 3616 1191 3674 praeter-

211 3772 215 3780 .
251 3695 368 3746 missurn
386 3702 417 3748 in
433 3695 557 3750 Stoicis?
577 3700 697 3768 legimus
715 3714 807 3756 taisson
821 3703 991 3773 Diogenem,
1009 3703 1193 3771 Asitipatsoin,

250 3788 466 3862 libresarchum,
482 3797 661 3863 Panaetium,
680 3803 784 3872 siisiltos
802 3805 886 3870 alios,
914 3807 1097 3872 inprimisque
1115 3804 1192 3856 sossii-

250 3888 348 3944 liarern
368 3907 494 3950 nostrum
513 3895 705 3955 Posidonium.

881 3971 885 4005 i
